timestamp,timestamp,id,tick_type,exchange,price,size
2021-06-23 08:00:15.414592512+00:00,2021-06-23 08:00:15.414592512+00:00,1,T,Arca,1.17,212
2021-06-23 08:00:20.534772224+00:00,2021-06-23 08:00:20.534772224+00:00,2,T,Arca,1.17,167
2021-06-23 08:01:48.216365824+00:00,2021-06-23 08:01:48.216365824+00:00,3,T,Arca,1.17,237
2021-06-23 11:09:41.305638656+00:00,2021-06-23 11:09:41.305638656+00:00,4,T,Arca,1.21,1
2021-06-23 11:14:01.290595+00:00,2021-06-23 11:14:01.290595+00:00,1,T,EDGX,1.21,118
2021-06-23 12:02:01.175336807+00:00,2021-06-23 12:02:01.175336807+00:00,1,T,NASDAQ_FUTURES,1.2,7
2021-06-23 12:02:14.854782+00:00,2021-06-23 12:02:14.854782+00:00,2,T,EDGX,1.18,42
2021-06-23 12:02:14.855230+00:00,2021-06-23 12:02:14.855230+00:00,3,T,EDGX,1.18,26
2021-06-23 12:11:06.506177+00:00,2021-06-23 12:11:06.506177+00:00,4,T,EDGX,1.21,58
2021-06-23 12:11:06.506177+00:00,2021-06-23 12:11:06.506177+00:00,5,T,EDGX,1.21,22
2021-06-23 13:04:00.833172+00:00,2021-06-23 13:04:00.833172+00:00,1,T,BATS,1.2,200
2021-06-23 13:27:52.964249+00:00,2021-06-23 13:27:52.964249+00:00,6,T,EDGX,1.2,2
2021-06-23 13:30:01.079000+00:00,2021-06-23 13:30:01.079000+00:00,2,T,FINRA,1.2,1
2021-06-23 13:30:01.079000+00:00,2021-06-23 13:30:01.079000+00:00,3,T,FINRA,1.2,1
2021-06-23 13:30:01.331736+00:00,2021-06-23 13:30:01.331736+00:00,7,T,EDGX,1.2,6
2021-06-23 13:30:01.335398912+00:00,2021-06-23 13:30:01.335398912+00:00,5,T,Arca,1.2,6
2021-06-23 13:30:01.335398912+00:00,2021-06-23 13:30:01.335398912+00:00,6,T,Arca,1.2,6
2021-06-23 13:30:01.335398912+00:00,2021-06-23 13:30:01.335398912+00:00,7,T,Arca,1.2,2
2021-06-23 13:30:01.552525+00:00,2021-06-23 13:30:01.552525+00:00,2,T,BATS,1.2,86
2021-06-23 13:30:02.054462275+00:00,2021-06-23 13:30:02.054462275+00:00,2,T,NASDAQ_FUTURES,1.16,40917
2021-06-23 13:30:02.054482451+00:00,2021-06-23 13:30:02.054482451+00:00,3,T,NASDAQ_FUTURES,1.16,40917
2021-06-23 13:30:02.058000+00:00,2021-06-23 13:30:02.058000+00:00,1,T,FINRA,1.2,100
2021-06-23 13:30:04.803000+00:00,2021-06-23 13:30:04.803000+00:00,1,T,FINRA,1.2,1
2021-06-23 13:30:06.634000+00:00,2021-06-23 13:30:06.634000+00:00,4,T,FINRA,1.2,2
2021-06-23 13:30:13.187000+00:00,2021-06-23 13:30:13.187000+00:00,5,T,FINRA,1.1901,400
2021-06-23 13:30:13.189266+00:00,2021-06-23 13:30:13.189266+00:00,8,T,EDGX,1.19,1900
2021-06-23 13:30:13.189354+00:00,2021-06-23 13:30:13.189354+00:00,3,T,BATS,1.19,1394
2021-06-23 13:30:13.189356+00:00,2021-06-23 13:30:13.189356+00:00,9,T,EDGX,1.19,100
2021-06-23 13:30:13.189356+00:00,2021-06-23 13:30:13.189356+00:00,10,T,EDGX,1.19,100
2021-06-23 13:30:13.189400452+00:00,2021-06-23 13:30:13.189400452+00:00,4,T,NASDAQ_FUTURES,1.19,1700
2021-06-23 13:30:13.189455+00:00,2021-06-23 13:30:13.189455+00:00,4,T,BATS,1.19,106
2021-06-23 13:30:13.189455104+00:00,2021-06-23 13:30:13.189455104+00:00,8,T,Arca,1.19,1579
2021-06-23 13:30:13.189545728+00:00,2021-06-23 13:30:13.189545728+00:00,9,T,Arca,1.19,121
2021-06-23 13:30:13.194646784+00:00,2021-06-23 13:30:13.194646784+00:00,10,T,Arca,1.19,100
2021-06-23 13:30:39.261000+00:00,2021-06-23 13:30:39.261000+00:00,6,T,FINRA,1.195,100
2021-06-23 13:30:39.268420352+00:00,2021-06-23 13:30:39.268420352+00:00,11,T,Arca,1.191,200
2021-06-23 13:30:39.272000+00:00,2021-06-23 13:30:39.272000+00:00,7,T,FINRA,1.1901,300
2021-06-23 13:30:39.272000+00:00,2021-06-23 13:30:39.272000+00:00,8,T,FINRA,1.1901,300
2021-06-23 13:30:39.274000+00:00,2021-06-23 13:30:39.274000+00:00,9,T,FINRA,1.1901,186
2021-06-23 13:30:46.684000+00:00,2021-06-23 13:30:46.684000+00:00,10,T,FINRA,1.19,2000
2021-06-23 13:30:52.417215+00:00,2021-06-23 13:30:52.417215+00:00,1,T,EDGA,1.19,100
2021-06-23 13:30:52.417540774+00:00,2021-06-23 13:30:52.417540774+00:00,5,T,NASDAQ_FUTURES,1.19,1600
2021-06-23 13:30:52.417540774+00:00,2021-06-23 13:30:52.417540774+00:00,6,T,NASDAQ_FUTURES,1.19,100
2021-06-23 13:30:52.422263+00:00,2021-06-23 13:30:52.422263+00:00,11,T,EDGX,1.19,200
2021-06-23 13:31:06.060000+00:00,2021-06-23 13:31:06.060000+00:00,2,T,FINRA,1.1981,500
2021-06-23 13:31:32.160350+00:00,2021-06-23 13:31:32.160350+00:00,12,T,EDGX,1.19,1000
2021-06-23 13:32:30.814000+00:00,2021-06-23 13:32:30.814000+00:00,13,T,FINRA,1.195,1
2021-06-23 13:32:30.974000+00:00,2021-06-23 13:32:30.974000+00:00,11,T,FINRA,1.195,100
2021-06-23 13:32:30.975000+00:00,2021-06-23 13:32:30.975000+00:00,12,T,FINRA,1.199,112
2021-06-23 13:32:37.827000+00:00,2021-06-23 13:32:37.827000+00:00,3,T,FINRA,1.1913,1000
2021-06-23 13:33:02.579000+00:00,2021-06-23 13:33:02.579000+00:00,14,T,FINRA,1.2,500
2021-06-23 13:33:18.072000+00:00,2021-06-23 13:33:18.072000+00:00,15,T,FINRA,1.1924,500
2021-06-23 13:34:02.296420+00:00,2021-06-23 13:34:02.296420+00:00,13,T,EDGX,1.19,24
2021-06-23 13:34:02.296854+00:00,2021-06-23 13:34:02.296854+00:00,14,T,EDGX,1.19,86
2021-06-23 13:34:02.296869+00:00,2021-06-23 13:34:02.296869+00:00,5,T,BATS,1.19,700
2021-06-23 13:34:02.297084+00:00,2021-06-23 13:34:02.297084+00:00,6,T,BATS,1.19,14
2021-06-23 13:34:07.054000+00:00,2021-06-23 13:34:07.054000+00:00,4,T,FINRA,1.1916,319
2021-06-23 13:34:08.678000+00:00,2021-06-23 13:34:08.678000+00:00,5,T,FINRA,1.1962,3600
2021-06-23 13:34:45.866000+00:00,2021-06-23 13:34:45.866000+00:00,17,T,FINRA,1.195,1
2021-06-23 13:34:45.973000+00:00,2021-06-23 13:34:45.973000+00:00,16,T,FINRA,1.195,3
2021-06-23 13:34:58.117000+00:00,2021-06-23 13:34:58.117000+00:00,18,T,FINRA,1.195,3
2021-06-23 13:35:01.267000+00:00,2021-06-23 13:35:01.267000+00:00,6,T,FINRA,1.1978,250
2021-06-23 13:35:42.436000+00:00,2021-06-23 13:35:42.436000+00:00,19,T,FINRA,1.1999,3333
2021-06-23 13:36:11.879000+00:00,2021-06-23 13:36:11.879000+00:00,20,T,FINRA,1.1901,3333
2021-06-23 13:36:21.629000+00:00,2021-06-23 13:36:21.629000+00:00,7,T,FINRA,1.2,500
2021-06-23 13:36:26.923000+00:00,2021-06-23 13:36:26.923000+00:00,21,T,FINRA,1.1913,1000
2021-06-23 13:36:45.155416+00:00,2021-06-23 13:36:45.155416+00:00,15,T,EDGX,1.19,9
2021-06-23 13:36:45.155416+00:00,2021-06-23 13:36:45.155416+00:00,7,T,BATS,1.19,191
2021-06-23 13:37:17.110000+00:00,2021-06-23 13:37:17.110000+00:00,8,T,FINRA,1.19,1000
2021-06-23 13:37:33.972000+00:00,2021-06-23 13:37:33.972000+00:00,9,T,FINRA,1.199,5000
2021-06-23 13:37:39.965000+00:00,2021-06-23 13:37:39.965000+00:00,22,T,FINRA,1.195,23
2021-06-23 13:38:04.260000+00:00,2021-06-23 13:38:04.260000+00:00,23,T,FINRA,1.19,2500
2021-06-23 13:38:32.823320163+00:00,2021-06-23 13:38:32.823320163+00:00,7,T,NASDAQ_FUTURES,1.195,100
2021-06-23 13:38:32.823479058+00:00,2021-06-23 13:38:32.823479058+00:00,1,T,IEX,1.195,100
2021-06-23 13:38:32.825000+00:00,2021-06-23 13:38:32.825000+00:00,24,T,FINRA,1.2,200
2021-06-23 13:38:32.825000+00:00,2021-06-23 13:38:32.825000+00:00,25,T,FINRA,1.2,100
2021-06-23 13:38:32.825000+00:00,2021-06-23 13:38:32.825000+00:00,26,T,FINRA,1.2,100
2021-06-23 13:38:32.825613190+00:00,2021-06-23 13:38:32.825613190+00:00,1,T,BSE,1.2,100
2021-06-23 13:38:32.825715968+00:00,2021-06-23 13:38:32.825715968+00:00,1,T,NYSE,1.2,100
2021-06-23 13:38:32.826813+00:00,2021-06-23 13:38:32.826813+00:00,16,T,EDGX,1.2,550
2021-06-23 13:38:32.826813+00:00,2021-06-23 13:38:32.826813+00:00,17,T,EDGX,1.2,400
2021-06-23 13:38:32.826813+00:00,2021-06-23 13:38:32.826813+00:00,18,T,EDGX,1.2,500
2021-06-23 13:38:32.826813+00:00,2021-06-23 13:38:32.826813+00:00,19,T,EDGX,1.2,250
2021-06-23 13:38:32.826814+00:00,2021-06-23 13:38:32.826814+00:00,1,T,BYX,1.2,500
2021-06-23 13:38:37.498000+00:00,2021-06-23 13:38:37.498000+00:00,27,T,FINRA,1.1901,3100
2021-06-23 13:39:37.919000+00:00,2021-06-23 13:39:37.919000+00:00,10,T,FINRA,1.1901,100
2021-06-23 13:39:45.838000+00:00,2021-06-23 13:39:45.838000+00:00,11,T,FINRA,1.1979,40
2021-06-23 13:39:52.242000+00:00,2021-06-23 13:39:52.242000+00:00,28,T,FINRA,1.195,71
2021-06-23 13:39:52.242000+00:00,2021-06-23 13:39:52.242000+00:00,29,T,FINRA,1.195,29
2021-06-23 13:39:52.243000+00:00,2021-06-23 13:39:52.243000+00:00,31,T,FINRA,1.195,71
2021-06-23 13:39:52.247000+00:00,2021-06-23 13:39:52.247000+00:00,30,T,FINRA,1.197,4329
2021-06-23 13:40:37.050000+00:00,2021-06-23 13:40:37.050000+00:00,32,T,FINRA,1.195,22
2021-06-23 13:40:41.053000+00:00,2021-06-23 13:40:41.053000+00:00,33,T,FINRA,1.195,25
2021-06-23 13:40:42.049000+00:00,2021-06-23 13:40:42.049000+00:00,34,T,FINRA,1.195,11
2021-06-23 13:42:25.212000+00:00,2021-06-23 13:42:25.212000+00:00,35,T,FINRA,1.2,1000
2021-06-23 13:42:53.305761+00:00,2021-06-23 13:42:53.305761+00:00,2,T,BYX,1.19,20
2021-06-23 13:42:53.305958+00:00,2021-06-23 13:42:53.305958+00:00,3,T,BYX,1.19,80
2021-06-23 13:42:58.292000+00:00,2021-06-23 13:42:58.292000+00:00,37,T,FINRA,1.195,14
2021-06-23 13:42:58.292000+00:00,2021-06-23 13:42:58.292000+00:00,38,T,FINRA,1.195,86
2021-06-23 13:42:58.293000+00:00,2021-06-23 13:42:58.293000+00:00,36,T,FINRA,1.195,2800
2021-06-23 13:43:01.278000+00:00,2021-06-23 13:43:01.278000+00:00,39,T,FINRA,1.1955,1000
2021-06-23 13:43:11.978000+00:00,2021-06-23 13:43:11.978000+00:00,40,T,FINRA,1.2,175
2021-06-23 13:43:45.347000+00:00,2021-06-23 13:43:45.347000+00:00,41,T,FINRA,1.1997,9
2021-06-23 13:43:52.830000+00:00,2021-06-23 13:43:52.830000+00:00,12,T,FINRA,1.195,100
2021-06-23 13:44:50.003002214+00:00,2021-06-23 13:44:50.003002214+00:00,2,T,IEX,1.195,25
2021-06-23 13:45:15.314000+00:00,2021-06-23 13:45:15.314000+00:00,13,T,FINRA,1.1921,1
2021-06-23 13:45:24.690000+00:00,2021-06-23 13:45:24.690000+00:00,42,T,FINRA,1.1975,3000
2021-06-23 13:45:24.695493+00:00,2021-06-23 13:45:24.695493+00:00,4,T,BYX,1.2,1
2021-06-23 13:45:55.612000+00:00,2021-06-23 13:45:55.612000+00:00,43,T,FINRA,1.195,100
2021-06-23 13:45:57.859000+00:00,2021-06-23 13:45:57.859000+00:00,44,T,FINRA,1.195,100
2021-06-23 13:46:00.152000+00:00,2021-06-23 13:46:00.152000+00:00,45,T,FINRA,1.195,51
2021-06-23 13:46:00.152000+00:00,2021-06-23 13:46:00.152000+00:00,46,T,FINRA,1.195,49
2021-06-23 13:47:14.976000+00:00,2021-06-23 13:47:14.976000+00:00,47,T,FINRA,1.1995,5
2021-06-23 13:47:17.721000+00:00,2021-06-23 13:47:17.721000+00:00,48,T,FINRA,1.195,1
2021-06-23 13:47:17.777000+00:00,2021-06-23 13:47:17.777000+00:00,14,T,FINRA,1.1914,11
2021-06-23 13:47:25.663000+00:00,2021-06-23 13:47:25.663000+00:00,49,T,FINRA,1.2,1000
2021-06-23 13:47:35.285000+00:00,2021-06-23 13:47:35.285000+00:00,51,T,FINRA,1.195,81
2021-06-23 13:47:35.286000+00:00,2021-06-23 13:47:35.286000+00:00,52,T,FINRA,1.195,19
2021-06-23 13:47:35.286316982+00:00,2021-06-23 13:47:35.286316982+00:00,8,T,NASDAQ_FUTURES,1.195,300
2021-06-23 13:47:35.286842810+00:00,2021-06-23 13:47:35.286842810+00:00,9,T,NASDAQ_FUTURES,1.195,200
2021-06-23 13:47:35.287000+00:00,2021-06-23 13:47:35.287000+00:00,50,T,FINRA,1.1991,681
2021-06-23 13:47:46.155000+00:00,2021-06-23 13:47:46.155000+00:00,53,T,FINRA,1.195,100
2021-06-23 13:47:46.158000+00:00,2021-06-23 13:47:46.158000+00:00,54,T,FINRA,1.195,92
2021-06-23 13:48:42.741890492+00:00,2021-06-23 13:48:42.741890492+00:00,10,T,NASDAQ_FUTURES,1.195,300
2021-06-23 13:48:42.741890492+00:00,2021-06-23 13:48:42.741890492+00:00,11,T,NASDAQ_FUTURES,1.2,1200
2021-06-23 13:48:42.741890492+00:00,2021-06-23 13:48:42.741890492+00:00,12,T,NASDAQ_FUTURES,1.2,100
2021-06-23 13:48:42.741890492+00:00,2021-06-23 13:48:42.741890492+00:00,13,T,NASDAQ_FUTURES,1.2,100
2021-06-23 13:48:42.741890492+00:00,2021-06-23 13:48:42.741890492+00:00,14,T,NASDAQ_FUTURES,1.2,100
2021-06-23 13:48:42.741890492+00:00,2021-06-23 13:48:42.741890492+00:00,15,T,NASDAQ_FUTURES,1.2,200
2021-06-23 13:48:42.741890492+00:00,2021-06-23 13:48:42.741890492+00:00,16,T,NASDAQ_FUTURES,1.2,700
2021-06-23 13:48:42.741890492+00:00,2021-06-23 13:48:42.741890492+00:00,17,T,NASDAQ_FUTURES,1.2,400
2021-06-23 13:48:42.741890492+00:00,2021-06-23 13:48:42.741890492+00:00,18,T,NASDAQ_FUTURES,1.2,100
2021-06-23 13:48:42.741890492+00:00,2021-06-23 13:48:42.741890492+00:00,19,T,NASDAQ_FUTURES,1.2,200
2021-06-23 13:48:42.742009+00:00,2021-06-23 13:48:42.742009+00:00,20,T,EDGX,1.2,700
2021-06-23 13:48:42.742009+00:00,2021-06-23 13:48:42.742009+00:00,21,T,EDGX,1.2,200
2021-06-23 13:48:42.742009+00:00,2021-06-23 13:48:42.742009+00:00,22,T,EDGX,1.2,500
2021-06-23 13:48:42.742009+00:00,2021-06-23 13:48:42.742009+00:00,23,T,EDGX,1.2,14100
2021-06-23 13:48:42.742035346+00:00,2021-06-23 13:48:42.742035346+00:00,3,T,IEX,1.2,200
2021-06-23 13:48:42.742054+00:00,2021-06-23 13:48:42.742054+00:00,8,T,BATS,1.2,500
2021-06-23 13:48:42.742054+00:00,2021-06-23 13:48:42.742054+00:00,9,T,BATS,1.2,300
2021-06-23 13:48:42.742120+00:00,2021-06-23 13:48:42.742120+00:00,24,T,EDGX,1.2,900
2021-06-23 13:48:42.742128+00:00,2021-06-23 13:48:42.742128+00:00,5,T,BYX,1.2,99
2021-06-23 13:48:42.742143+00:00,2021-06-23 13:48:42.742143+00:00,2,T,EDGA,1.2,100
2021-06-23 13:48:42.742187993+00:00,2021-06-23 13:48:42.742187993+00:00,20,T,NASDAQ_FUTURES,1.2,9
2021-06-23 13:48:42.742187993+00:00,2021-06-23 13:48:42.742187993+00:00,21,T,NASDAQ_FUTURES,1.2,42
2021-06-23 13:48:42.742222080+00:00,2021-06-23 13:48:42.742222080+00:00,12,T,Arca,1.2,100
2021-06-23 13:48:42.742222080+00:00,2021-06-23 13:48:42.742222080+00:00,13,T,Arca,1.2,300
2021-06-23 13:48:42.742222080+00:00,2021-06-23 13:48:42.742222080+00:00,14,T,Arca,1.2,100
2021-06-23 13:48:42.742428471+00:00,2021-06-23 13:48:42.742428471+00:00,22,T,NASDAQ_FUTURES,1.2,58
2021-06-23 13:48:42.742428471+00:00,2021-06-23 13:48:42.742428471+00:00,23,T,NASDAQ_FUTURES,1.2,42
2021-06-23 13:48:42.743000+00:00,2021-06-23 13:48:42.743000+00:00,55,T,FINRA,1.2,5000
2021-06-23 13:48:42.753000+00:00,2021-06-23 13:48:42.753000+00:00,56,T,FINRA,1.195,100
2021-06-23 13:48:42.753885696+00:00,2021-06-23 13:48:42.753885696+00:00,15,T,Arca,1.2,100
2021-06-23 13:48:42.753998920+00:00,2021-06-23 13:48:42.753998920+00:00,24,T,NASDAQ_FUTURES,1.2,58
2021-06-23 13:48:42.753998920+00:00,2021-06-23 13:48:42.753998920+00:00,25,T,NASDAQ_FUTURES,1.2,100
2021-06-23 13:48:42.753998920+00:00,2021-06-23 13:48:42.753998920+00:00,26,T,NASDAQ_FUTURES,1.2,142
2021-06-23 13:48:42.754000+00:00,2021-06-23 13:48:42.754000+00:00,57,T,FINRA,1.2,39
2021-06-23 13:48:42.754000+00:00,2021-06-23 13:48:42.754000+00:00,58,T,FINRA,1.2,100
2021-06-23 13:48:42.754000+00:00,2021-06-23 13:48:42.754000+00:00,59,T,FINRA,1.2,61
2021-06-23 13:48:42.754000+00:00,2021-06-23 13:48:42.754000+00:00,60,T,FINRA,1.2,75
2021-06-23 13:48:42.754000+00:00,2021-06-23 13:48:42.754000+00:00,61,T,FINRA,1.2,25
2021-06-23 13:48:42.754433134+00:00,2021-06-23 13:48:42.754433134+00:00,4,T,IEX,1.2,10
2021-06-23 13:48:42.754606749+00:00,2021-06-23 13:48:42.754606749+00:00,27,T,NASDAQ_FUTURES,1.2,100
2021-06-23 13:48:42.754606749+00:00,2021-06-23 13:48:42.754606749+00:00,28,T,NASDAQ_FUTURES,1.2,100
2021-06-23 13:48:42.754607+00:00,2021-06-23 13:48:42.754607+00:00,25,T,EDGX,1.2,253
2021-06-23 13:48:42.755662607+00:00,2021-06-23 13:48:42.755662607+00:00,29,T,NASDAQ_FUTURES,1.2,35
2021-06-23 13:48:52.397000+00:00,2021-06-23 13:48:52.397000+00:00,62,T,FINRA,1.195,24
2021-06-23 13:48:52.397000+00:00,2021-06-23 13:48:52.397000+00:00,63,T,FINRA,1.195,56
2021-06-23 13:48:52.398000+00:00,2021-06-23 13:48:52.398000+00:00,15,T,FINRA,1.1999,1800
2021-06-23 13:48:53.331000+00:00,2021-06-23 13:48:53.331000+00:00,64,T,FINRA,1.195,51
2021-06-23 13:48:53.334000+00:00,2021-06-23 13:48:53.334000+00:00,65,T,FINRA,1.195,100
2021-06-23 13:48:53.335000+00:00,2021-06-23 13:48:53.335000+00:00,66,T,FINRA,1.195,100
2021-06-23 13:49:00.848000+00:00,2021-06-23 13:49:00.848000+00:00,67,T,FINRA,1.19,1
2021-06-23 13:49:02.723933+00:00,2021-06-23 13:49:02.723933+00:00,3,T,EDGA,1.19,100
2021-06-23 13:49:02.724000+00:00,2021-06-23 13:49:02.724000+00:00,71,T,FINRA,1.192,1200
2021-06-23 13:49:02.724203+00:00,2021-06-23 13:49:02.724203+00:00,4,T,EDGA,1.2,100
2021-06-23 13:49:02.724339+00:00,2021-06-23 13:49:02.724339+00:00,10,T,BATS,1.2,228
2021-06-23 13:49:02.724407887+00:00,2021-06-23 13:49:02.724407887+00:00,30,T,NASDAQ_FUTURES,1.2,100
2021-06-23 13:49:02.724429568+00:00,2021-06-23 13:49:02.724429568+00:00,16,T,Arca,1.2,10
2021-06-23 13:49:02.726000+00:00,2021-06-23 13:49:02.726000+00:00,68,T,FINRA,1.2,100
2021-06-23 13:49:02.728000+00:00,2021-06-23 13:49:02.728000+00:00,69,T,FINRA,1.2,100
2021-06-23 13:49:02.730000+00:00,2021-06-23 13:49:02.730000+00:00,70,T,FINRA,1.2,49
2021-06-23 13:50:34.841147+00:00,2021-06-23 13:50:34.841147+00:00,26,T,EDGX,1.2,11
2021-06-23 13:50:37.620000+00:00,2021-06-23 13:50:37.620000+00:00,72,T,FINRA,1.2,200
2021-06-23 13:50:37.639161+00:00,2021-06-23 13:50:37.639161+00:00,27,T,EDGX,1.2,2489
2021-06-23 13:50:37.639298688+00:00,2021-06-23 13:50:37.639298688+00:00,31,T,NASDAQ_FUTURES,1.2,100
2021-06-23 13:50:37.641000+00:00,2021-06-23 13:50:37.641000+00:00,73,T,FINRA,1.2,1000
2021-06-23 13:50:41.258000+00:00,2021-06-23 13:50:41.258000+00:00,74,T,FINRA,1.21,100
2021-06-23 13:50:41.276789+00:00,2021-06-23 13:50:41.276789+00:00,28,T,EDGX,1.21,197
2021-06-23 13:50:41.276789+00:00,2021-06-23 13:50:41.276789+00:00,29,T,EDGX,1.21,28
2021-06-23 13:50:41.276789+00:00,2021-06-23 13:50:41.276789+00:00,30,T,EDGX,1.21,575
2021-06-23 13:50:41.276909+00:00,2021-06-23 13:50:41.276909+00:00,31,T,EDGX,1.21,425
2021-06-23 13:50:41.276929786+00:00,2021-06-23 13:50:41.276929786+00:00,32,T,NASDAQ_FUTURES,1.21,100
2021-06-23 13:50:41.276969891+00:00,2021-06-23 13:50:41.276969891+00:00,33,T,NASDAQ_FUTURES,1.21,100
2021-06-23 13:50:41.277000192+00:00,2021-06-23 13:50:41.277000192+00:00,17,T,Arca,1.21,39
2021-06-23 13:50:41.277000192+00:00,2021-06-23 13:50:41.277000192+00:00,18,T,Arca,1.21,10
2021-06-23 13:50:45.227000+00:00,2021-06-23 13:50:45.227000+00:00,75,T,FINRA,1.21,100
2021-06-23 13:50:45.236000+00:00,2021-06-23 13:50:45.236000+00:00,76,T,FINRA,1.21,100
2021-06-23 13:50:48.942908448+00:00,2021-06-23 13:50:48.942908448+00:00,34,T,NASDAQ_FUTURES,1.21,100
2021-06-23 13:50:48.942908448+00:00,2021-06-23 13:50:48.942908448+00:00,35,T,NASDAQ_FUTURES,1.21,500
2021-06-23 13:51:01.423751+00:00,2021-06-23 13:51:01.423751+00:00,6,T,BYX,1.2,9
2021-06-23 13:51:01.423754+00:00,2021-06-23 13:51:01.423754+00:00,32,T,EDGX,1.2,300
2021-06-23 13:51:01.423759+00:00,2021-06-23 13:51:01.423759+00:00,11,T,BATS,1.2,300
2021-06-23 13:51:01.423759+00:00,2021-06-23 13:51:01.423759+00:00,12,T,BATS,1.2,100
2021-06-23 13:51:01.423759+00:00,2021-06-23 13:51:01.423759+00:00,13,T,BATS,1.2,200
2021-06-23 13:51:01.423928320+00:00,2021-06-23 13:51:01.423928320+00:00,19,T,Arca,1.2,300
2021-06-23 13:51:01.423928320+00:00,2021-06-23 13:51:01.423928320+00:00,20,T,Arca,1.2,100
2021-06-23 13:51:01.423928320+00:00,2021-06-23 13:51:01.423928320+00:00,21,T,Arca,1.2,100
2021-06-23 13:51:01.424093680+00:00,2021-06-23 13:51:01.424093680+00:00,36,T,NASDAQ_FUTURES,1.2,200
2021-06-23 13:51:01.424093680+00:00,2021-06-23 13:51:01.424093680+00:00,37,T,NASDAQ_FUTURES,1.2,100
2021-06-23 13:51:19.046990755+00:00,2021-06-23 13:51:19.046990755+00:00,38,T,NASDAQ_FUTURES,1.2,150
2021-06-23 13:51:19.047000+00:00,2021-06-23 13:51:19.047000+00:00,77,T,FINRA,1.1999,150
2021-06-23 13:51:19.047013533+00:00,2021-06-23 13:51:19.047013533+00:00,39,T,NASDAQ_FUTURES,1.2,1141
2021-06-23 13:52:19.574634+00:00,2021-06-23 13:52:19.574634+00:00,33,T,EDGX,1.19,80
2021-06-23 13:52:19.574912871+00:00,2021-06-23 13:52:19.574912871+00:00,5,T,IEX,1.19,100
2021-06-23 13:52:19.574913024+00:00,2021-06-23 13:52:19.574913024+00:00,22,T,Arca,1.19,1600
2021-06-23 13:52:19.574913024+00:00,2021-06-23 13:52:19.574913024+00:00,23,T,Arca,1.19,300
2021-06-23 13:52:19.574941952+00:00,2021-06-23 13:52:19.574941952+00:00,2,T,NYSE,1.19,400
2021-06-23 13:52:25.773000+00:00,2021-06-23 13:52:25.773000+00:00,78,T,FINRA,1.195,4700
2021-06-23 13:52:29.629000+00:00,2021-06-23 13:52:29.629000+00:00,79,T,FINRA,1.1901,89
2021-06-23 13:52:46.040000+00:00,2021-06-23 13:52:46.040000+00:00,80,T,FINRA,1.1978,4350
2021-06-23 13:53:28.506698752+00:00,2021-06-23 13:53:28.506698752+00:00,1,T,NSX,1.19,100
2021-06-23 13:53:31.275000+00:00,2021-06-23 13:53:31.275000+00:00,81,T,FINRA,1.1901,100
2021-06-23 13:53:31.278000+00:00,2021-06-23 13:53:31.278000+00:00,82,T,FINRA,1.1901,100
2021-06-23 13:53:31.279000+00:00,2021-06-23 13:53:31.279000+00:00,83,T,FINRA,1.1901,100
2021-06-23 13:53:31.338000+00:00,2021-06-23 13:53:31.338000+00:00,84,T,FINRA,1.1901,300
2021-06-23 13:53:31.348597049+00:00,2021-06-23 13:53:31.348597049+00:00,40,T,NASDAQ_FUTURES,1.19,50
2021-06-23 13:53:31.348597049+00:00,2021-06-23 13:53:31.348597049+00:00,41,T,NASDAQ_FUTURES,1.19,250
2021-06-23 13:53:31.447999623+00:00,2021-06-23 13:53:31.447999623+00:00,42,T,NASDAQ_FUTURES,1.19,250
2021-06-23 13:53:31.447999623+00:00,2021-06-23 13:53:31.447999623+00:00,43,T,NASDAQ_FUTURES,1.19,50
2021-06-23 13:53:31.684000+00:00,2021-06-23 13:53:31.684000+00:00,85,T,FINRA,1.1901,100
2021-06-23 13:53:31.689000+00:00,2021-06-23 13:53:31.689000+00:00,86,T,FINRA,1.195,200
2021-06-23 13:53:31.847712258+00:00,2021-06-23 13:53:31.847712258+00:00,44,T,NASDAQ_FUTURES,1.19,300
2021-06-23 13:53:31.853000+00:00,2021-06-23 13:53:31.853000+00:00,87,T,FINRA,1.1901,100
2021-06-23 13:54:05.261000+00:00,2021-06-23 13:54:05.261000+00:00,16,T,FINRA,1.1943,10
2021-06-23 13:54:28.510000+00:00,2021-06-23 13:54:28.510000+00:00,7,T,BYX,1.19,100
2021-06-23 13:55:01.334413+00:00,2021-06-23 13:55:01.334413+00:00,34,T,EDGX,1.19,100
2021-06-23 13:55:01.334413+00:00,2021-06-23 13:55:01.334413+00:00,35,T,EDGX,1.19,100
2021-06-23 13:55:01.334421+00:00,2021-06-23 13:55:01.334421+00:00,14,T,BATS,1.19,695
2021-06-23 13:55:01.334496075+00:00,2021-06-23 13:55:01.334496075+00:00,45,T,NASDAQ_FUTURES,1.19,650
2021-06-23 13:55:01.334496075+00:00,2021-06-23 13:55:01.334496075+00:00,46,T,NASDAQ_FUTURES,1.19,10
2021-06-23 13:55:01.334496075+00:00,2021-06-23 13:55:01.334496075+00:00,47,T,NASDAQ_FUTURES,1.19,100
2021-06-23 13:55:01.334496075+00:00,2021-06-23 13:55:01.334496075+00:00,48,T,NASDAQ_FUTURES,1.19,100
2021-06-23 13:55:01.334548480+00:00,2021-06-23 13:55:01.334548480+00:00,3,T,NYSE,1.19,200
2021-06-23 13:55:01.334622109+00:00,2021-06-23 13:55:01.334622109+00:00,49,T,NASDAQ_FUTURES,1.19,11
2021-06-23 13:55:01.338066+00:00,2021-06-23 13:55:01.338066+00:00,36,T,EDGX,1.19,45
2021-06-23 14:00:13.854910353+00:00,2021-06-23 14:00:13.854910353+00:00,50,T,NASDAQ_FUTURES,1.195,98
2021-06-23 14:00:13.857000+00:00,2021-06-23 14:00:13.857000+00:00,88,T,FINRA,1.2,23
2021-06-23 14:00:13.857124+00:00,2021-06-23 14:00:13.857124+00:00,5,T,EDGA,1.2,100
2021-06-23 14:00:13.858000+00:00,2021-06-23 14:00:13.858000+00:00,89,T,FINRA,1.2,700
2021-06-23 14:00:14.332000+00:00,2021-06-23 14:00:14.332000+00:00,90,T,FINRA,1.1994,79
2021-06-23 14:01:07.623000+00:00,2021-06-23 14:01:07.623000+00:00,91,T,FINRA,1.1982,100
2021-06-23 14:01:07.623000+00:00,2021-06-23 14:01:07.623000+00:00,92,T,FINRA,1.1982,200
2021-06-23 14:01:07.623000+00:00,2021-06-23 14:01:07.623000+00:00,93,T,FINRA,1.1982,200
2021-06-23 14:01:07.623134+00:00,2021-06-23 14:01:07.623134+00:00,8,T,BYX,1.2,100
2021-06-23 14:01:07.623148+00:00,2021-06-23 14:01:07.623148+00:00,37,T,EDGX,1.2,200
2021-06-23 14:01:07.623148+00:00,2021-06-23 14:01:07.623148+00:00,38,T,EDGX,1.2,200
2021-06-23 14:01:44.738000+00:00,2021-06-23 14:01:44.738000+00:00,94,T,FINRA,1.1963,3080
2021-06-23 14:02:45.452000+00:00,2021-06-23 14:02:45.452000+00:00,17,T,FINRA,1.2,500
2021-06-23 14:03:16.842000+00:00,2021-06-23 14:03:16.842000+00:00,95,T,FINRA,1.195,200
2021-06-23 14:03:16.842000+00:00,2021-06-23 14:03:16.842000+00:00,96,T,FINRA,1.195,100
2021-06-23 14:03:16.842000+00:00,2021-06-23 14:03:16.842000+00:00,100,T,FINRA,1.195,100
2021-06-23 14:03:16.842000+00:00,2021-06-23 14:03:16.842000+00:00,102,T,FINRA,1.195,100
2021-06-23 14:03:16.842000+00:00,2021-06-23 14:03:16.842000+00:00,107,T,FINRA,1.195,100
2021-06-23 14:03:16.845000+00:00,2021-06-23 14:03:16.845000+00:00,97,T,FINRA,1.195,200
2021-06-23 14:03:16.845000+00:00,2021-06-23 14:03:16.845000+00:00,98,T,FINRA,1.1925,200
2021-06-23 14:03:16.845000+00:00,2021-06-23 14:03:16.845000+00:00,101,T,FINRA,1.191,200
2021-06-23 14:03:16.845000+00:00,2021-06-23 14:03:16.845000+00:00,103,T,FINRA,1.1925,200
2021-06-23 14:03:16.845000+00:00,2021-06-23 14:03:16.845000+00:00,106,T,FINRA,1.195,200
2021-06-23 14:03:16.846171+00:00,2021-06-23 14:03:16.846171+00:00,39,T,EDGX,1.19,55
2021-06-23 14:03:16.846171+00:00,2021-06-23 14:03:16.846171+00:00,40,T,EDGX,1.19,1045
2021-06-23 14:03:16.846233+00:00,2021-06-23 14:03:16.846233+00:00,15,T,BATS,1.19,1300
2021-06-23 14:03:16.846253958+00:00,2021-06-23 14:03:16.846253958+00:00,51,T,NASDAQ_FUTURES,1.19,1300
2021-06-23 14:03:16.846253958+00:00,2021-06-23 14:03:16.846253958+00:00,52,T,NASDAQ_FUTURES,1.19,200
2021-06-23 14:03:16.846253958+00:00,2021-06-23 14:03:16.846253958+00:00,53,T,NASDAQ_FUTURES,1.19,300
2021-06-23 14:03:16.846253958+00:00,2021-06-23 14:03:16.846253958+00:00,54,T,NASDAQ_FUTURES,1.19,100
2021-06-23 14:03:16.846275584+00:00,2021-06-23 14:03:16.846275584+00:00,24,T,Arca,1.19,1300
2021-06-23 14:03:16.846275584+00:00,2021-06-23 14:03:16.846275584+00:00,25,T,Arca,1.19,300
2021-06-23 14:03:16.846275584+00:00,2021-06-23 14:03:16.846275584+00:00,26,T,Arca,1.19,100
2021-06-23 14:03:16.846354+00:00,2021-06-23 14:03:16.846354+00:00,41,T,EDGX,1.19,10
2021-06-23 14:03:16.846434038+00:00,2021-06-23 14:03:16.846434038+00:00,6,T,IEX,1.19,6
2021-06-23 14:03:16.846434038+00:00,2021-06-23 14:03:16.846434038+00:00,7,T,IEX,1.19,94
2021-06-23 14:03:16.846467584+00:00,2021-06-23 14:03:16.846467584+00:00,4,T,NYSE,1.19,100
2021-06-23 14:03:16.846578688+00:00,2021-06-23 14:03:16.846578688+00:00,5,T,NYSE,1.19,50
2021-06-23 14:03:16.846687460+00:00,2021-06-23 14:03:16.846687460+00:00,8,T,IEX,1.19,6
2021-06-23 14:03:16.848000+00:00,2021-06-23 14:03:16.848000+00:00,99,T,FINRA,1.19,9000
2021-06-23 14:03:16.852387+00:00,2021-06-23 14:03:16.852387+00:00,16,T,BATS,1.18,200
2021-06-23 14:03:16.852387+00:00,2021-06-23 14:03:16.852387+00:00,17,T,BATS,1.18,200
2021-06-23 14:03:16.852396+00:00,2021-06-23 14:03:16.852396+00:00,42,T,EDGX,1.18,2000
2021-06-23 14:03:16.852396+00:00,2021-06-23 14:03:16.852396+00:00,43,T,EDGX,1.18,100
2021-06-23 14:03:16.852489041+00:00,2021-06-23 14:03:16.852489041+00:00,55,T,NASDAQ_FUTURES,1.18,2600
2021-06-23 14:03:16.852489041+00:00,2021-06-23 14:03:16.852489041+00:00,56,T,NASDAQ_FUTURES,1.18,5
2021-06-23 14:03:16.852489041+00:00,2021-06-23 14:03:16.852489041+00:00,57,T,NASDAQ_FUTURES,1.18,100
2021-06-23 14:03:16.852489041+00:00,2021-06-23 14:03:16.852489041+00:00,58,T,NASDAQ_FUTURES,1.18,5
2021-06-23 14:03:16.852489041+00:00,2021-06-23 14:03:16.852489041+00:00,59,T,NASDAQ_FUTURES,1.18,620
2021-06-23 14:03:16.852489041+00:00,2021-06-23 14:03:16.852489041+00:00,60,T,NASDAQ_FUTURES,1.18,10
2021-06-23 14:03:16.852489041+00:00,2021-06-23 14:03:16.852489041+00:00,61,T,NASDAQ_FUTURES,1.18,160
2021-06-23 14:03:16.852557881+00:00,2021-06-23 14:03:16.852557881+00:00,62,T,NASDAQ_FUTURES,1.18,90
2021-06-23 14:03:16.852557881+00:00,2021-06-23 14:03:16.852557881+00:00,63,T,NASDAQ_FUTURES,1.18,200
2021-06-23 14:03:16.852595456+00:00,2021-06-23 14:03:16.852595456+00:00,6,T,NYSE,1.18,200
2021-06-23 14:03:16.859000+00:00,2021-06-23 14:03:16.859000+00:00,104,T,FINRA,1.17,100
2021-06-23 14:03:16.859000+00:00,2021-06-23 14:03:16.859000+00:00,105,T,FINRA,1.17,100
2021-06-23 14:03:16.860227+00:00,2021-06-23 14:03:16.860227+00:00,44,T,EDGX,1.17,1096
2021-06-23 14:03:16.860227+00:00,2021-06-23 14:03:16.860227+00:00,45,T,EDGX,1.17,500
2021-06-23 14:03:16.860227+00:00,2021-06-23 14:03:16.860227+00:00,46,T,EDGX,1.17,2
2021-06-23 14:03:16.860227+00:00,2021-06-23 14:03:16.860227+00:00,47,T,EDGX,1.17,202
2021-06-23 14:03:16.860274+00:00,2021-06-23 14:03:16.860274+00:00,18,T,BATS,1.17,1100
2021-06-23 14:03:16.860274+00:00,2021-06-23 14:03:16.860274+00:00,19,T,BATS,1.17,300
2021-06-23 14:03:16.860274+00:00,2021-06-23 14:03:16.860274+00:00,20,T,BATS,1.17,200
2021-06-23 14:03:16.860422905+00:00,2021-06-23 14:03:16.860422905+00:00,64,T,NASDAQ_FUTURES,1.17,10
2021-06-23 14:03:16.860422905+00:00,2021-06-23 14:03:16.860422905+00:00,65,T,NASDAQ_FUTURES,1.17,4729
2021-06-23 14:03:16.860427008+00:00,2021-06-23 14:03:16.860427008+00:00,27,T,Arca,1.17,100
2021-06-23 14:03:16.860427008+00:00,2021-06-23 14:03:16.860427008+00:00,28,T,Arca,1.17,100
2021-06-23 14:03:17.608000+00:00,2021-06-23 14:03:17.608000+00:00,109,T,FINRA,1.19,100
2021-06-23 14:03:17.609000+00:00,2021-06-23 14:03:17.609000+00:00,108,T,FINRA,1.19,100
2021-06-23 14:03:31.351000+00:00,2021-06-23 14:03:31.351000+00:00,110,T,FINRA,1.19,36
2021-06-23 14:03:33.039000+00:00,2021-06-23 14:03:33.039000+00:00,111,T,FINRA,1.19,39
2021-06-23 14:03:33.040677+00:00,2021-06-23 14:03:33.040677+00:00,48,T,EDGX,1.19,300
2021-06-23 14:03:33.040733+00:00,2021-06-23 14:03:33.040733+00:00,21,T,BATS,1.19,111
2021-06-23 14:03:33.040884992+00:00,2021-06-23 14:03:33.040884992+00:00,29,T,Arca,1.19,300
2021-06-23 14:04:00.146000+00:00,2021-06-23 14:04:00.146000+00:00,112,T,FINRA,1.191,200
2021-06-23 14:04:25.145000+00:00,2021-06-23 14:04:25.145000+00:00,18,T,FINRA,1.193,1000
2021-06-23 14:05:08.053000+00:00,2021-06-23 14:05:08.053000+00:00,19,T,FINRA,1.1948,1
2021-06-23 14:06:17.132000+00:00,2021-06-23 14:06:17.132000+00:00,113,T,FINRA,1.2,6
2021-06-23 14:06:58.299000+00:00,2021-06-23 14:06:58.299000+00:00,116,T,FINRA,1.2,100
2021-06-23 14:06:58.299000+00:00,2021-06-23 14:06:58.299000+00:00,117,T,FINRA,1.2,100
2021-06-23 14:06:58.299000+00:00,2021-06-23 14:06:58.299000+00:00,118,T,FINRA,1.2,100
2021-06-23 14:06:58.300000+00:00,2021-06-23 14:06:58.300000+00:00,114,T,FINRA,1.2,94
2021-06-23 14:06:58.300176+00:00,2021-06-23 14:06:58.300176+00:00,6,T,EDGA,1.19,100
2021-06-23 14:06:58.300358+00:00,2021-06-23 14:06:58.300358+00:00,49,T,EDGX,1.19,100
2021-06-23 14:06:58.300444672+00:00,2021-06-23 14:06:58.300444672+00:00,30,T,Arca,1.19,1037
2021-06-23 14:06:58.300479085+00:00,2021-06-23 14:06:58.300479085+00:00,66,T,NASDAQ_FUTURES,1.19,200
2021-06-23 14:06:58.300479085+00:00,2021-06-23 14:06:58.300479085+00:00,67,T,NASDAQ_FUTURES,1.19,1000
2021-06-23 14:06:58.300817821+00:00,2021-06-23 14:06:58.300817821+00:00,9,T,IEX,1.19,6
2021-06-23 14:06:58.300996593+00:00,2021-06-23 14:06:58.300996593+00:00,10,T,IEX,1.19,5
2021-06-23 14:06:58.301000+00:00,2021-06-23 14:06:58.301000+00:00,115,T,FINRA,1.19,100
2021-06-23 14:06:58.301547+00:00,2021-06-23 14:06:58.301547+00:00,22,T,BATS,1.19,6
2021-06-23 14:06:58.301808+00:00,2021-06-23 14:06:58.301808+00:00,50,T,EDGX,1.19,6
2021-06-23 14:06:58.302174464+00:00,2021-06-23 14:06:58.302174464+00:00,31,T,Arca,1.19,5
2021-06-23 14:09:09.750000+00:00,2021-06-23 14:09:09.750000+00:00,20,T,FINRA,1.2,4
2021-06-23 14:09:09.750000+00:00,2021-06-23 14:09:09.750000+00:00,21,T,FINRA,1.19,11
2021-06-23 14:09:13.076896691+00:00,2021-06-23 14:09:13.076896691+00:00,68,T,NASDAQ_FUTURES,1.19,55
2021-06-23 14:09:20.190000+00:00,2021-06-23 14:09:20.190000+00:00,22,T,FINRA,1.19,1
2021-06-23 14:09:27.559000+00:00,2021-06-23 14:09:27.559000+00:00,23,T,FINRA,1.19,1
2021-06-23 14:09:27.572000+00:00,2021-06-23 14:09:27.572000+00:00,24,T,FINRA,1.1893,200
2021-06-23 14:09:28.548000+00:00,2021-06-23 14:09:28.548000+00:00,119,T,FINRA,1.19,100
2021-06-23 14:09:56.615000+00:00,2021-06-23 14:09:56.615000+00:00,120,T,FINRA,1.19,400
2021-06-23 14:10:26.825942386+00:00,2021-06-23 14:10:26.825942386+00:00,11,T,IEX,1.185,100
2021-06-23 14:10:26.826000+00:00,2021-06-23 14:10:26.826000+00:00,121,T,FINRA,1.1847,2900
2021-06-23 14:10:27.574000+00:00,2021-06-23 14:10:27.574000+00:00,122,T,FINRA,1.19,100
2021-06-23 14:10:27.575000+00:00,2021-06-23 14:10:27.575000+00:00,123,T,FINRA,1.19,100
2021-06-23 14:10:43.401574+00:00,2021-06-23 14:10:43.401574+00:00,51,T,EDGX,1.19,1000
2021-06-23 14:11:01.292000+00:00,2021-06-23 14:11:01.292000+00:00,25,T,FINRA,1.185,173
2021-06-23 14:12:21.420044+00:00,2021-06-23 14:12:21.420044+00:00,52,T,EDGX,1.19,20
2021-06-23 14:12:46.182000+00:00,2021-06-23 14:12:46.182000+00:00,26,T,FINRA,1.188,100
2021-06-23 14:13:01.787000+00:00,2021-06-23 14:13:01.787000+00:00,27,T,FINRA,1.188,100
2021-06-23 14:13:18.268000+00:00,2021-06-23 14:13:18.268000+00:00,28,T,FINRA,1.188,100
2021-06-23 14:14:35.442000+00:00,2021-06-23 14:14:35.442000+00:00,124,T,FINRA,1.19,1
2021-06-23 14:14:37.032000+00:00,2021-06-23 14:14:37.032000+00:00,29,T,FINRA,1.1889,10
2021-06-23 14:14:47.546000+00:00,2021-06-23 14:14:47.546000+00:00,125,T,FINRA,1.1886,17
2021-06-23 14:14:57.947000+00:00,2021-06-23 14:14:57.947000+00:00,126,T,FINRA,1.185,100
2021-06-23 14:14:57.949688520+00:00,2021-06-23 14:14:57.949688520+00:00,12,T,IEX,1.185,600
2021-06-23 14:15:05.226000+00:00,2021-06-23 14:15:05.226000+00:00,127,T,FINRA,1.1886,3
2021-06-23 14:15:17.634007187+00:00,2021-06-23 14:15:17.634007187+00:00,13,T,IEX,1.185,600
2021-06-23 14:15:48.649436281+00:00,2021-06-23 14:15:48.649436281+00:00,14,T,IEX,1.185,100
2021-06-23 14:16:05.912000+00:00,2021-06-23 14:16:05.912000+00:00,128,T,FINRA,1.1879,10
2021-06-23 14:16:33.049000+00:00,2021-06-23 14:16:33.049000+00:00,30,T,FINRA,1.1899,90
2021-06-23 14:16:34.212000+00:00,2021-06-23 14:16:34.212000+00:00,129,T,FINRA,1.1879,1
2021-06-23 14:16:50.514000+00:00,2021-06-23 14:16:50.514000+00:00,130,T,FINRA,1.1879,2
2021-06-23 14:17:03.102000+00:00,2021-06-23 14:17:03.102000+00:00,131,T,FINRA,1.1879,2
2021-06-23 14:17:20.566000+00:00,2021-06-23 14:17:20.566000+00:00,132,T,FINRA,1.19,1
2021-06-23 14:17:26.198000+00:00,2021-06-23 14:17:26.198000+00:00,133,T,FINRA,1.185,1000
2021-06-23 14:17:41.407000+00:00,2021-06-23 14:17:41.407000+00:00,31,T,FINRA,1.1881,500
2021-06-23 14:18:45.816095488+00:00,2021-06-23 14:18:45.816095488+00:00,7,T,NYSE,1.185,100
2021-06-23 14:18:45.816818176+00:00,2021-06-23 14:18:45.816818176+00:00,8,T,NYSE,1.185,100
2021-06-23 14:18:45.817000+00:00,2021-06-23 14:18:45.817000+00:00,134,T,FINRA,1.1886,4800
2021-06-23 14:18:46.675000+00:00,2021-06-23 14:18:46.675000+00:00,135,T,FINRA,1.19,100
2021-06-23 14:18:46.676000+00:00,2021-06-23 14:18:46.676000+00:00,136,T,FINRA,1.19,100
2021-06-23 14:18:46.678000+00:00,2021-06-23 14:18:46.678000+00:00,137,T,FINRA,1.19,200
2021-06-23 14:19:13.905000+00:00,2021-06-23 14:19:13.905000+00:00,32,T,FINRA,1.1886,1
2021-06-23 14:19:29.930000+00:00,2021-06-23 14:19:29.930000+00:00,33,T,FINRA,1.185,4
2021-06-23 14:19:56.822000+00:00,2021-06-23 14:19:56.822000+00:00,138,T,FINRA,1.19,100
2021-06-23 14:21:53.828328+00:00,2021-06-23 14:21:53.828328+00:00,7,T,EDGA,1.185,100
2021-06-23 14:21:53.828679+00:00,2021-06-23 14:21:53.828679+00:00,8,T,EDGA,1.185,100
2021-06-23 14:21:53.829055+00:00,2021-06-23 14:21:53.829055+00:00,9,T,BYX,1.19,50
2021-06-23 14:22:01.923000+00:00,2021-06-23 14:22:01.923000+00:00,139,T,FINRA,1.1811,1000
2021-06-23 14:22:44.640000+00:00,2021-06-23 14:22:44.640000+00:00,140,T,FINRA,1.19,2
2021-06-23 14:23:13.470000+00:00,2021-06-23 14:23:13.470000+00:00,34,T,FINRA,1.1849,250
2021-06-23 14:24:20.737000+00:00,2021-06-23 14:24:20.737000+00:00,141,T,FINRA,1.1876,180
2021-06-23 14:25:18.429000+00:00,2021-06-23 14:25:18.429000+00:00,35,T,FINRA,1.1899,30
2021-06-23 14:25:43.892000+00:00,2021-06-23 14:25:43.892000+00:00,36,T,FINRA,1.1885,4
2021-06-23 14:25:59.122000+00:00,2021-06-23 14:25:59.122000+00:00,37,T,FINRA,1.1853,1000
2021-06-23 14:26:01.138000+00:00,2021-06-23 14:26:01.138000+00:00,38,T,FINRA,1.181,19
2021-06-23 14:26:01.309000+00:00,2021-06-23 14:26:01.309000+00:00,39,T,FINRA,1.185,1
2021-06-23 14:26:53.577120795+00:00,2021-06-23 14:26:53.577120795+00:00,15,T,IEX,1.185,690
2021-06-23 14:26:53.806092800+00:00,2021-06-23 14:26:53.806092800+00:00,16,T,IEX,1.185,100
2021-06-23 14:26:53.809000+00:00,2021-06-23 14:26:53.809000+00:00,142,T,FINRA,1.19,100
2021-06-23 14:27:18.211000+00:00,2021-06-23 14:27:18.211000+00:00,143,T,FINRA,1.184,1000
2021-06-23 14:27:59.467000+00:00,2021-06-23 14:27:59.467000+00:00,144,T,FINRA,1.18,1
2021-06-23 14:27:59.471000+00:00,2021-06-23 14:27:59.471000+00:00,145,T,FINRA,1.185,200
2021-06-23 14:27:59.474000+00:00,2021-06-23 14:27:59.474000+00:00,146,T,FINRA,1.185,200
2021-06-23 14:27:59.475000+00:00,2021-06-23 14:27:59.475000+00:00,147,T,FINRA,1.1801,200
2021-06-23 14:27:59.477000+00:00,2021-06-23 14:27:59.477000+00:00,148,T,FINRA,1.185,199
2021-06-23 14:27:59.485000+00:00,2021-06-23 14:27:59.485000+00:00,149,T,FINRA,1.1801,700
2021-06-23 14:28:22.325000+00:00,2021-06-23 14:28:22.325000+00:00,150,T,FINRA,1.1815,132
2021-06-23 14:29:00.320000+00:00,2021-06-23 14:29:00.320000+00:00,40,T,FINRA,1.19,4
2021-06-23 14:29:01.462000+00:00,2021-06-23 14:29:01.462000+00:00,41,T,FINRA,1.1874,100
2021-06-23 14:30:50.327000+00:00,2021-06-23 14:30:50.327000+00:00,42,T,FINRA,1.1878,1
2021-06-23 14:30:59.740000+00:00,2021-06-23 14:30:59.740000+00:00,43,T,FINRA,1.1811,11
2021-06-23 14:32:23.323975+00:00,2021-06-23 14:32:23.323975+00:00,23,T,BATS,1.185,100
2021-06-23 14:33:04.612000+00:00,2021-06-23 14:33:04.612000+00:00,151,T,FINRA,1.1881,500
2021-06-23 14:33:33.381442+00:00,2021-06-23 14:33:33.381442+00:00,10,T,BYX,1.185,100
2021-06-23 14:33:42.952124029+00:00,2021-06-23 14:33:42.952124029+00:00,17,T,IEX,1.185,100
2021-06-23 14:34:57.756000+00:00,2021-06-23 14:34:57.756000+00:00,152,T,FINRA,1.19,100
2021-06-23 14:36:36.377000+00:00,2021-06-23 14:36:36.377000+00:00,44,T,FINRA,1.1878,10
2021-06-23 14:38:24.106000+00:00,2021-06-23 14:38:24.106000+00:00,153,T,FINRA,1.18,100
2021-06-23 14:38:24.106000+00:00,2021-06-23 14:38:24.106000+00:00,155,T,FINRA,1.18,100
2021-06-23 14:38:24.109000+00:00,2021-06-23 14:38:24.109000+00:00,154,T,FINRA,1.18,400
2021-06-23 14:38:24.109000+00:00,2021-06-23 14:38:24.109000+00:00,156,T,FINRA,1.18,400
2021-06-23 14:38:24.115537+00:00,2021-06-23 14:38:24.115537+00:00,53,T,EDGX,1.18,200
2021-06-23 14:38:24.115537+00:00,2021-06-23 14:38:24.115537+00:00,54,T,EDGX,1.18,100
2021-06-23 14:38:24.115537+00:00,2021-06-23 14:38:24.115537+00:00,55,T,EDGX,1.18,100
2021-06-23 14:38:24.115539+00:00,2021-06-23 14:38:24.115539+00:00,24,T,BATS,1.18,3
2021-06-23 14:38:24.115539+00:00,2021-06-23 14:38:24.115539+00:00,25,T,BATS,1.18,97
2021-06-23 14:38:24.115617642+00:00,2021-06-23 14:38:24.115617642+00:00,69,T,NASDAQ_FUTURES,1.18,100
2021-06-23 14:38:24.115617642+00:00,2021-06-23 14:38:24.115617642+00:00,70,T,NASDAQ_FUTURES,1.18,100
2021-06-23 14:38:24.115617642+00:00,2021-06-23 14:38:24.115617642+00:00,71,T,NASDAQ_FUTURES,1.18,100
2021-06-23 14:38:24.115617642+00:00,2021-06-23 14:38:24.115617642+00:00,72,T,NASDAQ_FUTURES,1.18,100
2021-06-23 14:38:24.115645440+00:00,2021-06-23 14:38:24.115645440+00:00,32,T,Arca,1.18,100
2021-06-23 14:38:24.115645440+00:00,2021-06-23 14:38:24.115645440+00:00,33,T,Arca,1.18,100
2021-06-23 14:38:24.115666944+00:00,2021-06-23 14:38:24.115666944+00:00,1,T,AMEX,1.18,100
2021-06-23 14:38:24.115667200+00:00,2021-06-23 14:38:24.115667200+00:00,9,T,NYSE,1.18,200
2021-06-23 14:38:24.120782786+00:00,2021-06-23 14:38:24.120782786+00:00,73,T,NASDAQ_FUTURES,1.18,11
2021-06-23 14:38:24.120782786+00:00,2021-06-23 14:38:24.120782786+00:00,74,T,NASDAQ_FUTURES,1.18,100
2021-06-23 14:38:24.120973+00:00,2021-06-23 14:38:24.120973+00:00,56,T,EDGX,1.18,100
2021-06-23 14:38:24.122779967+00:00,2021-06-23 14:38:24.122779967+00:00,75,T,NASDAQ_FUTURES,1.18,200
2021-06-23 14:38:24.122803200+00:00,2021-06-23 14:38:24.122803200+00:00,34,T,Arca,1.18,100
2021-06-23 14:38:24.124000+00:00,2021-06-23 14:38:24.124000+00:00,45,T,FINRA,1.1801,2189
2021-06-23 14:38:25.940277774+00:00,2021-06-23 14:38:25.940277774+00:00,1,T,PHLX,1.18,11
2021-06-23 14:38:31.356371846+00:00,2021-06-23 14:38:31.356371846+00:00,2,T,PHLX,1.18,19
2021-06-23 14:38:35.760000+00:00,2021-06-23 14:38:35.760000+00:00,46,T,FINRA,1.19,600
2021-06-23 14:38:35.761322127+00:00,2021-06-23 14:38:35.761322127+00:00,2,T,BSE,1.18,49
2021-06-23 14:38:44.771277+00:00,2021-06-23 14:38:44.771277+00:00,9,T,EDGA,1.18,100
2021-06-23 14:38:45.064861169+00:00,2021-06-23 14:38:45.064861169+00:00,18,T,IEX,1.18,100
2021-06-23 14:38:45.067000+00:00,2021-06-23 14:38:45.067000+00:00,157,T,FINRA,1.19,100
2021-06-23 14:39:06.007000+00:00,2021-06-23 14:39:06.007000+00:00,158,T,FINRA,1.18,200
2021-06-23 14:39:14.841000+00:00,2021-06-23 14:39:14.841000+00:00,47,T,FINRA,1.18,1
2021-06-23 14:39:46.391000+00:00,2021-06-23 14:39:46.391000+00:00,48,T,FINRA,1.175,3
2021-06-23 14:40:10.109579+00:00,2021-06-23 14:40:10.109579+00:00,57,T,EDGX,1.18,5
2021-06-23 14:40:10.109748440+00:00,2021-06-23 14:40:10.109748440+00:00,76,T,NASDAQ_FUTURES,1.175,49
2021-06-23 14:40:10.109748440+00:00,2021-06-23 14:40:10.109748440+00:00,77,T,NASDAQ_FUTURES,1.18,200
2021-06-23 14:40:10.109748440+00:00,2021-06-23 14:40:10.109748440+00:00,78,T,NASDAQ_FUTURES,1.18,51
2021-06-23 14:40:10.110040115+00:00,2021-06-23 14:40:10.110040115+00:00,19,T,IEX,1.18,7
2021-06-23 14:40:10.110456804+00:00,2021-06-23 14:40:10.110456804+00:00,79,T,NASDAQ_FUTURES,1.18,20
2021-06-23 14:40:57.304000+00:00,2021-06-23 14:40:57.304000+00:00,159,T,FINRA,1.179,200
2021-06-23 14:40:57.305000+00:00,2021-06-23 14:40:57.305000+00:00,49,T,FINRA,1.179,2300
2021-06-23 14:40:57.481000+00:00,2021-06-23 14:40:57.481000+00:00,50,T,FINRA,1.1799,84
2021-06-23 14:41:19.422000+00:00,2021-06-23 14:41:19.422000+00:00,161,T,FINRA,1.18,100
2021-06-23 14:41:19.423229+00:00,2021-06-23 14:41:19.423229+00:00,58,T,EDGX,1.18,7
2021-06-23 14:41:19.423392193+00:00,2021-06-23 14:41:19.423392193+00:00,80,T,NASDAQ_FUTURES,1.18,29
2021-06-23 14:41:19.423392193+00:00,2021-06-23 14:41:19.423392193+00:00,81,T,NASDAQ_FUTURES,1.18,100
2021-06-23 14:41:19.423392193+00:00,2021-06-23 14:41:19.423392193+00:00,82,T,NASDAQ_FUTURES,1.18,100
2021-06-23 14:41:19.423428253+00:00,2021-06-23 14:41:19.423428253+00:00,83,T,NASDAQ_FUTURES,1.18,200
2021-06-23 14:41:19.423445510+00:00,2021-06-23 14:41:19.423445510+00:00,84,T,NASDAQ_FUTURES,1.18,29
2021-06-23 14:41:19.424000+00:00,2021-06-23 14:41:19.424000+00:00,160,T,FINRA,1.1799,264
2021-06-23 14:41:19.424153536+00:00,2021-06-23 14:41:19.424153536+00:00,85,T,NASDAQ_FUTURES,1.18,100
2021-06-23 14:41:19.424153536+00:00,2021-06-23 14:41:19.424153536+00:00,86,T,NASDAQ_FUTURES,1.18,100
2021-06-23 14:41:19.424171158+00:00,2021-06-23 14:41:19.424171158+00:00,87,T,NASDAQ_FUTURES,1.18,300
2021-06-23 14:41:20.075000+00:00,2021-06-23 14:41:20.075000+00:00,162,T,FINRA,1.18,200
2021-06-23 14:41:29.084052224+00:00,2021-06-23 14:41:29.084052224+00:00,10,T,NYSE,1.18,100
2021-06-23 14:42:05.883943+00:00,2021-06-23 14:42:05.883943+00:00,59,T,EDGX,1.18,2314
2021-06-23 14:43:24.532000+00:00,2021-06-23 14:43:24.532000+00:00,163,T,FINRA,1.1806,737
2021-06-23 14:43:25.006000+00:00,2021-06-23 14:43:25.006000+00:00,165,T,FINRA,1.19,80
2021-06-23 14:43:25.147933859+00:00,2021-06-23 14:43:25.147933859+00:00,20,T,IEX,1.185,100
2021-06-23 14:43:25.150000+00:00,2021-06-23 14:43:25.150000+00:00,164,T,FINRA,1.19,100
2021-06-23 14:44:51.324000+00:00,2021-06-23 14:44:51.324000+00:00,166,T,FINRA,1.185,1
2021-06-23 14:44:51.394000+00:00,2021-06-23 14:44:51.394000+00:00,51,T,FINRA,1.181,11
2021-06-23 14:44:57.143000+00:00,2021-06-23 14:44:57.143000+00:00,167,T,FINRA,1.185,1100
2021-06-23 14:45:01.703706954+00:00,2021-06-23 14:45:01.703706954+00:00,21,T,IEX,1.185,100
2021-06-23 14:45:01.721000+00:00,2021-06-23 14:45:01.721000+00:00,168,T,FINRA,1.185,92
2021-06-23 14:45:39.379000+00:00,2021-06-23 14:45:39.379000+00:00,169,T,FINRA,1.1879,15
2021-06-23 14:46:16.329000+00:00,2021-06-23 14:46:16.329000+00:00,170,T,FINRA,1.185,500
2021-06-23 14:46:16.612000+00:00,2021-06-23 14:46:16.612000+00:00,52,T,FINRA,1.185,8
2021-06-23 14:46:16.917000+00:00,2021-06-23 14:46:16.917000+00:00,171,T,FINRA,1.185,500
2021-06-23 14:46:17.853000+00:00,2021-06-23 14:46:17.853000+00:00,172,T,FINRA,1.185,1000
2021-06-23 14:47:59.055000+00:00,2021-06-23 14:47:59.055000+00:00,53,T,FINRA,1.1885,500
2021-06-23 14:47:59.300000+00:00,2021-06-23 14:47:59.300000+00:00,173,T,FINRA,1.19,200
2021-06-23 14:49:21.022676992+00:00,2021-06-23 14:49:21.022676992+00:00,35,T,Arca,1.19,200
2021-06-23 14:49:21.023426853+00:00,2021-06-23 14:49:21.023426853+00:00,88,T,NASDAQ_FUTURES,1.19,300
2021-06-23 14:49:21.023426853+00:00,2021-06-23 14:49:21.023426853+00:00,89,T,NASDAQ_FUTURES,1.19,83
2021-06-23 14:49:22.998000+00:00,2021-06-23 14:49:22.998000+00:00,174,T,FINRA,1.1805,1567
2021-06-23 14:50:24.486827520+00:00,2021-06-23 14:50:24.486827520+00:00,11,T,NYSE,1.185,100
2021-06-23 14:50:24.487538176+00:00,2021-06-23 14:50:24.487538176+00:00,12,T,NYSE,1.185,118
2021-06-23 14:51:51.220000+00:00,2021-06-23 14:51:51.220000+00:00,54,T,FINRA,1.1849,95
2021-06-23 14:52:01.297856+00:00,2021-06-23 14:52:01.297856+00:00,10,T,EDGA,1.19,5
2021-06-23 14:53:36.505000+00:00,2021-06-23 14:53:36.505000+00:00,175,T,FINRA,1.1801,800
2021-06-23 14:53:36.507000+00:00,2021-06-23 14:53:36.507000+00:00,176,T,FINRA,1.1807,1100
2021-06-23 14:53:36.507000+00:00,2021-06-23 14:53:36.507000+00:00,177,T,FINRA,1.1801,1600
2021-06-23 14:53:37.397000+00:00,2021-06-23 14:53:37.397000+00:00,178,T,FINRA,1.19,100
2021-06-23 14:53:37.397000+00:00,2021-06-23 14:53:37.397000+00:00,179,T,FINRA,1.19,100
2021-06-23 14:53:37.400000+00:00,2021-06-23 14:53:37.400000+00:00,180,T,FINRA,1.19,100
2021-06-23 14:53:59.527694592+00:00,2021-06-23 14:53:59.527694592+00:00,36,T,Arca,1.18,100
2021-06-23 14:53:59.527694592+00:00,2021-06-23 14:53:59.527694592+00:00,37,T,Arca,1.18,14
2021-06-23 14:53:59.528011+00:00,2021-06-23 14:53:59.528011+00:00,60,T,EDGX,1.18,186
2021-06-23 14:53:59.528011+00:00,2021-06-23 14:53:59.528011+00:00,61,T,EDGX,1.18,2500
2021-06-23 14:53:59.528011+00:00,2021-06-23 14:53:59.528011+00:00,62,T,EDGX,1.18,100
2021-06-23 14:53:59.528175108+00:00,2021-06-23 14:53:59.528175108+00:00,90,T,NASDAQ_FUTURES,1.18,100
2021-06-23 14:53:59.528175108+00:00,2021-06-23 14:53:59.528175108+00:00,91,T,NASDAQ_FUTURES,1.18,200
2021-06-23 14:53:59.528175108+00:00,2021-06-23 14:53:59.528175108+00:00,92,T,NASDAQ_FUTURES,1.18,100
2021-06-23 14:53:59.528326+00:00,2021-06-23 14:53:59.528326+00:00,26,T,BATS,1.18,60
2021-06-23 14:53:59.528383488+00:00,2021-06-23 14:53:59.528383488+00:00,38,T,Arca,1.18,60
2021-06-23 14:54:11.223000+00:00,2021-06-23 14:54:11.223000+00:00,55,T,FINRA,1.19,1000
2021-06-23 14:55:12.579229079+00:00,2021-06-23 14:55:12.579229079+00:00,93,T,NASDAQ_FUTURES,1.18,300
2021-06-23 14:55:12.579474+00:00,2021-06-23 14:55:12.579474+00:00,63,T,EDGX,1.18,100
2021-06-23 14:55:12.579474+00:00,2021-06-23 14:55:12.579474+00:00,64,T,EDGX,1.18,139
2021-06-23 14:55:12.579474+00:00,2021-06-23 14:55:12.579474+00:00,65,T,EDGX,1.18,61
2021-06-23 14:55:12.579483+00:00,2021-06-23 14:55:12.579483+00:00,27,T,BATS,1.18,200
2021-06-23 14:55:12.579607552+00:00,2021-06-23 14:55:12.579607552+00:00,39,T,Arca,1.18,100
2021-06-23 14:55:12.579643+00:00,2021-06-23 14:55:12.579643+00:00,66,T,EDGX,1.18,39
2021-06-23 14:55:32.743000+00:00,2021-06-23 14:55:32.743000+00:00,181,T,FINRA,1.1751,1500
2021-06-23 14:56:14.510391552+00:00,2021-06-23 14:56:14.510391552+00:00,13,T,NYSE,1.175,200
2021-06-23 14:56:14.513882+00:00,2021-06-23 14:56:14.513882+00:00,67,T,EDGX,1.18,700
2021-06-23 14:56:14.513882+00:00,2021-06-23 14:56:14.513882+00:00,68,T,EDGX,1.18,100
2021-06-23 14:56:14.514002737+00:00,2021-06-23 14:56:14.514002737+00:00,94,T,NASDAQ_FUTURES,1.18,1000
2021-06-23 14:56:19.556000+00:00,2021-06-23 14:56:19.556000+00:00,56,T,FINRA,1.1716,1000
2021-06-23 14:56:22.558002+00:00,2021-06-23 14:56:22.558002+00:00,28,T,BATS,1.175,8
2021-06-23 14:56:32.094466+00:00,2021-06-23 14:56:32.094466+00:00,29,T,BATS,1.175,15
2021-06-23 14:56:45.967000+00:00,2021-06-23 14:56:45.967000+00:00,182,T,FINRA,1.18,1000
2021-06-23 14:56:48.598000+00:00,2021-06-23 14:56:48.598000+00:00,183,T,FINRA,1.18,150
2021-06-23 14:56:56.340000+00:00,2021-06-23 14:56:56.340000+00:00,184,T,FINRA,1.175,202
2021-06-23 14:56:59.373112+00:00,2021-06-23 14:56:59.373112+00:00,30,T,BATS,1.175,21
2021-06-23 14:57:01.383481+00:00,2021-06-23 14:57:01.383481+00:00,31,T,BATS,1.175,36
2021-06-23 14:57:25.749000+00:00,2021-06-23 14:57:25.749000+00:00,185,T,FINRA,1.1762,100
2021-06-23 14:57:25.750000+00:00,2021-06-23 14:57:25.750000+00:00,186,T,FINRA,1.1762,100
2021-06-23 14:57:37.974000+00:00,2021-06-23 14:57:37.974000+00:00,187,T,FINRA,1.172,200
2021-06-23 14:58:37.312000+00:00,2021-06-23 14:58:37.312000+00:00,57,T,FINRA,1.1719,202
2021-06-23 14:58:45.680000+00:00,2021-06-23 14:58:45.680000+00:00,188,T,FINRA,1.1701,2000
2021-06-23 15:00:39.176000+00:00,2021-06-23 15:00:39.176000+00:00,58,T,FINRA,1.175,1000
2021-06-23 15:00:59.134000+00:00,2021-06-23 15:00:59.134000+00:00,189,T,FINRA,1.1773,500
2021-06-23 15:00:59.136000+00:00,2021-06-23 15:00:59.136000+00:00,190,T,FINRA,1.1773,500
2021-06-23 15:08:01.359818+00:00,2021-06-23 15:08:01.359818+00:00,32,T,BATS,1.175,7
2021-06-23 15:08:17.330567987+00:00,2021-06-23 15:08:17.330567987+00:00,95,T,NASDAQ_FUTURES,1.18,500
2021-06-23 15:08:17.330567987+00:00,2021-06-23 15:08:17.330567987+00:00,96,T,NASDAQ_FUTURES,1.18,100
2021-06-23 15:08:17.330567987+00:00,2021-06-23 15:08:17.330567987+00:00,97,T,NASDAQ_FUTURES,1.18,500
2021-06-23 15:08:17.330567987+00:00,2021-06-23 15:08:17.330567987+00:00,98,T,NASDAQ_FUTURES,1.18,100
2021-06-23 15:08:17.330567987+00:00,2021-06-23 15:08:17.330567987+00:00,99,T,NASDAQ_FUTURES,1.18,300
2021-06-23 15:08:17.330567987+00:00,2021-06-23 15:08:17.330567987+00:00,100,T,NASDAQ_FUTURES,1.18,2800
2021-06-23 15:08:17.380317+00:00,2021-06-23 15:08:17.380317+00:00,69,T,EDGX,1.18,1500
2021-06-23 15:08:17.380317+00:00,2021-06-23 15:08:17.380317+00:00,70,T,EDGX,1.18,700
2021-06-23 15:08:17.380317+00:00,2021-06-23 15:08:17.380317+00:00,71,T,EDGX,1.18,204
2021-06-23 15:08:17.380317+00:00,2021-06-23 15:08:17.380317+00:00,72,T,EDGX,1.18,400
2021-06-23 15:08:17.402000+00:00,2021-06-23 15:08:17.402000+00:00,191,T,FINRA,1.1843,50
2021-06-23 15:08:17.415541602+00:00,2021-06-23 15:08:17.415541602+00:00,101,T,NASDAQ_FUTURES,1.18,98
2021-06-23 15:08:17.415541602+00:00,2021-06-23 15:08:17.415541602+00:00,102,T,NASDAQ_FUTURES,1.19,17
2021-06-23 15:08:17.415541602+00:00,2021-06-23 15:08:17.415541602+00:00,103,T,NASDAQ_FUTURES,1.19,1400
2021-06-23 15:08:17.415541602+00:00,2021-06-23 15:08:17.415541602+00:00,104,T,NASDAQ_FUTURES,1.19,300
2021-06-23 15:08:17.415772928+00:00,2021-06-23 15:08:17.415772928+00:00,40,T,Arca,1.18,5
2021-06-23 15:08:17.450437890+00:00,2021-06-23 15:08:17.450437890+00:00,105,T,NASDAQ_FUTURES,1.19,5
2021-06-23 15:08:17.450437890+00:00,2021-06-23 15:08:17.450437890+00:00,106,T,NASDAQ_FUTURES,1.19,49
2021-06-23 15:08:17.450437890+00:00,2021-06-23 15:08:17.450437890+00:00,107,T,NASDAQ_FUTURES,1.19,100
2021-06-23 15:08:17.477494898+00:00,2021-06-23 15:08:17.477494898+00:00,108,T,NASDAQ_FUTURES,1.19,100
2021-06-23 15:08:17.477494898+00:00,2021-06-23 15:08:17.477494898+00:00,109,T,NASDAQ_FUTURES,1.19,347
2021-06-23 15:08:17.497599277+00:00,2021-06-23 15:08:17.497599277+00:00,110,T,NASDAQ_FUTURES,1.19,100
2021-06-23 15:08:17.510768440+00:00,2021-06-23 15:08:17.510768440+00:00,111,T,NASDAQ_FUTURES,1.19,100
2021-06-23 15:08:17.523917327+00:00,2021-06-23 15:08:17.523917327+00:00,112,T,NASDAQ_FUTURES,1.19,100
2021-06-23 15:08:17.537083989+00:00,2021-06-23 15:08:17.537083989+00:00,113,T,NASDAQ_FUTURES,1.19,100
2021-06-23 15:08:17.550308398+00:00,2021-06-23 15:08:17.550308398+00:00,114,T,NASDAQ_FUTURES,1.19,100
2021-06-23 15:08:17.563542634+00:00,2021-06-23 15:08:17.563542634+00:00,115,T,NASDAQ_FUTURES,1.19,100
2021-06-23 15:08:17.576749835+00:00,2021-06-23 15:08:17.576749835+00:00,116,T,NASDAQ_FUTURES,1.19,100
2021-06-23 15:08:17.589940556+00:00,2021-06-23 15:08:17.589940556+00:00,117,T,NASDAQ_FUTURES,1.19,100
2021-06-23 15:08:17.603048+00:00,2021-06-23 15:08:17.603048+00:00,73,T,EDGX,1.19,5000
2021-06-23 15:08:17.603048+00:00,2021-06-23 15:08:17.603048+00:00,74,T,EDGX,1.19,1500
2021-06-23 15:08:17.603048+00:00,2021-06-23 15:08:17.603048+00:00,75,T,EDGX,1.19,300
2021-06-23 15:08:17.603421+00:00,2021-06-23 15:08:17.603421+00:00,11,T,BYX,1.19,10
2021-06-23 15:08:17.603765+00:00,2021-06-23 15:08:17.603765+00:00,12,T,BYX,1.19,40
2021-06-23 15:08:18.095954614+00:00,2021-06-23 15:08:18.095954614+00:00,118,T,NASDAQ_FUTURES,1.19,14
2021-06-23 15:08:18.107141102+00:00,2021-06-23 15:08:18.107141102+00:00,119,T,NASDAQ_FUTURES,1.19,300
2021-06-23 15:08:18.440047429+00:00,2021-06-23 15:08:18.440047429+00:00,120,T,NASDAQ_FUTURES,1.19,6300
2021-06-23 15:08:19.641000+00:00,2021-06-23 15:08:19.641000+00:00,59,T,FINRA,1.1899,100
2021-06-23 15:08:21.835826841+00:00,2021-06-23 15:08:21.835826841+00:00,121,T,NASDAQ_FUTURES,1.19,24
2021-06-23 15:08:28.359160065+00:00,2021-06-23 15:08:28.359160065+00:00,122,T,NASDAQ_FUTURES,1.19,1242
2021-06-23 15:08:28.367000+00:00,2021-06-23 15:08:28.367000+00:00,60,T,FINRA,1.19,50000
2021-06-23 15:08:31.476000+00:00,2021-06-23 15:08:31.476000+00:00,192,T,FINRA,1.185,41
2021-06-23 15:08:43.597000+00:00,2021-06-23 15:08:43.597000+00:00,193,T,FINRA,1.185,59
2021-06-23 15:08:43.597000+00:00,2021-06-23 15:08:43.597000+00:00,194,T,FINRA,1.185,13
2021-06-23 15:08:51.300000+00:00,2021-06-23 15:08:51.300000+00:00,195,T,FINRA,1.185,100
2021-06-23 15:08:51.300000+00:00,2021-06-23 15:08:51.300000+00:00,196,T,FINRA,1.185,87
2021-06-23 15:08:51.301000+00:00,2021-06-23 15:08:51.301000+00:00,197,T,FINRA,1.185,100
2021-06-23 15:09:01.497000+00:00,2021-06-23 15:09:01.497000+00:00,198,T,FINRA,1.185,100
2021-06-23 15:09:01.497000+00:00,2021-06-23 15:09:01.497000+00:00,199,T,FINRA,1.185,200
2021-06-23 15:09:11.796570897+00:00,2021-06-23 15:09:11.796570897+00:00,123,T,NASDAQ_FUTURES,1.185,100
2021-06-23 15:09:14.355000+00:00,2021-06-23 15:09:14.355000+00:00,200,T,FINRA,1.19,500
2021-06-23 15:09:20.526988880+00:00,2021-06-23 15:09:20.526988880+00:00,124,T,NASDAQ_FUTURES,1.185,100
2021-06-23 15:09:24.500000+00:00,2021-06-23 15:09:24.500000+00:00,201,T,FINRA,1.1891,1
2021-06-23 15:09:32.050770374+00:00,2021-06-23 15:09:32.050770374+00:00,125,T,NASDAQ_FUTURES,1.185,100
2021-06-23 15:09:33.515033779+00:00,2021-06-23 15:09:33.515033779+00:00,126,T,NASDAQ_FUTURES,1.185,100
2021-06-23 15:09:42.885179+00:00,2021-06-23 15:09:42.885179+00:00,127,T,NASDAQ_FUTURES,1.185,100
2021-06-23 15:09:44.547247272+00:00,2021-06-23 15:09:44.547247272+00:00,128,T,NASDAQ_FUTURES,1.185,100
2021-06-23 15:09:51.907738766+00:00,2021-06-23 15:09:51.907738766+00:00,129,T,NASDAQ_FUTURES,1.185,100
2021-06-23 15:10:35.329000+00:00,2021-06-23 15:10:35.329000+00:00,202,T,FINRA,1.185,14
2021-06-23 15:11:02.248000+00:00,2021-06-23 15:11:02.248000+00:00,203,T,FINRA,1.19,100
2021-06-23 15:11:20.777000+00:00,2021-06-23 15:11:20.777000+00:00,204,T,FINRA,1.19,1250
2021-06-23 15:12:10.943049984+00:00,2021-06-23 15:12:10.943049984+00:00,14,T,NYSE,1.185,100
2021-06-23 15:12:44.898050048+00:00,2021-06-23 15:12:44.898050048+00:00,15,T,NYSE,1.185,100
2021-06-23 15:13:03.945691136+00:00,2021-06-23 15:13:03.945691136+00:00,16,T,NYSE,1.185,100
2021-06-23 15:13:29.790000+00:00,2021-06-23 15:13:29.790000+00:00,61,T,FINRA,1.183,200
2021-06-23 15:13:43.930458112+00:00,2021-06-23 15:13:43.930458112+00:00,17,T,NYSE,1.185,100
2021-06-23 15:14:03.989849344+00:00,2021-06-23 15:14:03.989849344+00:00,18,T,NYSE,1.185,100
2021-06-23 15:14:24.873653248+00:00,2021-06-23 15:14:24.873653248+00:00,41,T,Arca,1.19,26
2021-06-23 15:16:15.279000+00:00,2021-06-23 15:16:15.279000+00:00,205,T,FINRA,1.2,100
2021-06-23 15:16:15.279000+00:00,2021-06-23 15:16:15.279000+00:00,206,T,FINRA,1.2,100
2021-06-23 15:16:15.279000+00:00,2021-06-23 15:16:15.279000+00:00,207,T,FINRA,1.2,100
2021-06-23 15:16:15.280000+00:00,2021-06-23 15:16:15.280000+00:00,208,T,FINRA,1.2,100
2021-06-23 15:16:15.281577+00:00,2021-06-23 15:16:15.281577+00:00,76,T,EDGX,1.2,600
2021-06-23 15:16:30.503415750+00:00,2021-06-23 15:16:30.503415750+00:00,130,T,NASDAQ_FUTURES,1.195,100
2021-06-23 15:16:30.505714+00:00,2021-06-23 15:16:30.505714+00:00,11,T,EDGA,1.19,100
2021-06-23 15:16:30.505730+00:00,2021-06-23 15:16:30.505730+00:00,77,T,EDGX,1.19,1000
2021-06-23 15:16:30.505730+00:00,2021-06-23 15:16:30.505730+00:00,78,T,EDGX,1.19,700
2021-06-23 15:16:30.505730+00:00,2021-06-23 15:16:30.505730+00:00,79,T,EDGX,1.19,100
2021-06-23 15:17:16.089000+00:00,2021-06-23 15:17:16.089000+00:00,62,T,FINRA,1.1946,50
2021-06-23 15:18:16.599000+00:00,2021-06-23 15:18:16.599000+00:00,209,T,FINRA,1.1901,200
2021-06-23 15:18:16.600000+00:00,2021-06-23 15:18:16.600000+00:00,210,T,FINRA,1.1901,200
2021-06-23 15:18:26.340000+00:00,2021-06-23 15:18:26.340000+00:00,211,T,FINRA,1.195,176
2021-06-23 15:18:59.678000+00:00,2021-06-23 15:18:59.678000+00:00,212,T,FINRA,1.2,750
2021-06-23 15:20:29.904000+00:00,2021-06-23 15:20:29.904000+00:00,213,T,FINRA,1.195,5
2021-06-23 15:20:38.188000+00:00,2021-06-23 15:20:38.188000+00:00,214,T,FINRA,1.195,200
2021-06-23 15:23:09.200665600+00:00,2021-06-23 15:23:09.200665600+00:00,19,T,NYSE,1.195,100
2021-06-23 15:23:09.201000+00:00,2021-06-23 15:23:09.201000+00:00,63,T,FINRA,1.1984,4800
2021-06-23 15:23:09.201326848+00:00,2021-06-23 15:23:09.201326848+00:00,20,T,NYSE,1.195,100
2021-06-23 15:23:36.483000+00:00,2021-06-23 15:23:36.483000+00:00,64,T,FINRA,1.1901,300
2021-06-23 15:23:38.117627424+00:00,2021-06-23 15:23:38.117627424+00:00,131,T,NASDAQ_FUTURES,1.19,49
2021-06-23 15:23:55.174179840+00:00,2021-06-23 15:23:55.174179840+00:00,2,T,NSX,1.2,100
2021-06-23 15:26:15.694000+00:00,2021-06-23 15:26:15.694000+00:00,215,T,FINRA,1.195,15
2021-06-23 15:28:38.520000+00:00,2021-06-23 15:28:38.520000+00:00,65,T,FINRA,1.195,10
2021-06-23 15:28:58.800000+00:00,2021-06-23 15:28:58.800000+00:00,66,T,FINRA,1.1913,5
2021-06-23 15:29:39.288000+00:00,2021-06-23 15:29:39.288000+00:00,216,T,FINRA,1.195,1
2021-06-23 15:29:55.597304+00:00,2021-06-23 15:29:55.597304+00:00,12,T,EDGA,1.2,29
2021-06-23 15:30:01.072000+00:00,2021-06-23 15:30:01.072000+00:00,217,T,FINRA,1.195,1
2021-06-23 15:33:05.822889+00:00,2021-06-23 15:33:05.822889+00:00,13,T,BYX,1.19,300
2021-06-23 15:33:05.822889+00:00,2021-06-23 15:33:05.822889+00:00,14,T,BYX,1.17,10
2021-06-23 15:33:05.822890+00:00,2021-06-23 15:33:05.822890+00:00,80,T,EDGX,1.19,300
2021-06-23 15:33:05.822890+00:00,2021-06-23 15:33:05.822890+00:00,81,T,EDGX,1.19,300
2021-06-23 15:33:05.822890+00:00,2021-06-23 15:33:05.822890+00:00,82,T,EDGX,1.18,300
2021-06-23 15:33:05.822890+00:00,2021-06-23 15:33:05.822890+00:00,83,T,EDGX,1.18,500
2021-06-23 15:33:05.822890+00:00,2021-06-23 15:33:05.822890+00:00,84,T,EDGX,1.17,2
2021-06-23 15:33:05.822890+00:00,2021-06-23 15:33:05.822890+00:00,85,T,EDGX,1.17,637
2021-06-23 15:33:05.822891+00:00,2021-06-23 15:33:05.822891+00:00,33,T,BATS,1.18,300
2021-06-23 15:33:05.822891+00:00,2021-06-23 15:33:05.822891+00:00,34,T,BATS,1.18,200
2021-06-23 15:33:05.822891+00:00,2021-06-23 15:33:05.822891+00:00,35,T,BATS,1.18,700
2021-06-23 15:33:05.823020876+00:00,2021-06-23 15:33:05.823020876+00:00,132,T,NASDAQ_FUTURES,1.19,151
2021-06-23 15:33:05.823020876+00:00,2021-06-23 15:33:05.823020876+00:00,133,T,NASDAQ_FUTURES,1.19,100
2021-06-23 15:33:05.823020876+00:00,2021-06-23 15:33:05.823020876+00:00,134,T,NASDAQ_FUTURES,1.19,100
2021-06-23 15:33:05.823020876+00:00,2021-06-23 15:33:05.823020876+00:00,135,T,NASDAQ_FUTURES,1.19,300
2021-06-23 15:33:05.823020876+00:00,2021-06-23 15:33:05.823020876+00:00,136,T,NASDAQ_FUTURES,1.19,30
2021-06-23 15:33:05.823020876+00:00,2021-06-23 15:33:05.823020876+00:00,137,T,NASDAQ_FUTURES,1.18,300
2021-06-23 15:33:05.823020876+00:00,2021-06-23 15:33:05.823020876+00:00,138,T,NASDAQ_FUTURES,1.18,1000
2021-06-23 15:33:05.823020876+00:00,2021-06-23 15:33:05.823020876+00:00,139,T,NASDAQ_FUTURES,1.18,370
2021-06-23 15:33:05.823070976+00:00,2021-06-23 15:33:05.823070976+00:00,42,T,Arca,1.19,100
2021-06-23 15:33:05.823070976+00:00,2021-06-23 15:33:05.823070976+00:00,43,T,Arca,1.19,100
2021-06-23 15:33:05.823070976+00:00,2021-06-23 15:33:05.823070976+00:00,44,T,Arca,1.19,100
2021-06-23 15:33:05.823070976+00:00,2021-06-23 15:33:05.823070976+00:00,45,T,Arca,1.18,300
2021-06-23 15:33:05.823070976+00:00,2021-06-23 15:33:05.823070976+00:00,46,T,Arca,1.18,400
2021-06-23 15:33:05.823238590+00:00,2021-06-23 15:33:05.823238590+00:00,22,T,IEX,1.19,100
2021-06-23 15:33:05.823403+00:00,2021-06-23 15:33:05.823403+00:00,86,T,EDGX,1.19,100
2021-06-23 15:33:05.826000+00:00,2021-06-23 15:33:05.826000+00:00,218,T,FINRA,1.19,220
2021-06-23 15:33:05.826000+00:00,2021-06-23 15:33:05.826000+00:00,219,T,FINRA,1.19,10
2021-06-23 15:33:55.051000+00:00,2021-06-23 15:33:55.051000+00:00,220,T,FINRA,1.191,2
2021-06-23 15:34:45.074000+00:00,2021-06-23 15:34:45.074000+00:00,67,T,FINRA,1.19,8
2021-06-23 15:41:38.151000+00:00,2021-06-23 15:41:38.151000+00:00,68,T,FINRA,1.2,55
2021-06-23 15:43:35.506000+00:00,2021-06-23 15:43:35.506000+00:00,69,T,FINRA,1.191,74
2021-06-23 15:45:22.218221+00:00,2021-06-23 15:45:22.218221+00:00,87,T,EDGX,1.19,10
2021-06-23 15:45:22.218221+00:00,2021-06-23 15:45:22.218221+00:00,88,T,EDGX,1.18,1000
2021-06-23 15:45:22.218221+00:00,2021-06-23 15:45:22.218221+00:00,89,T,EDGX,1.18,300
2021-06-23 15:45:22.218221+00:00,2021-06-23 15:45:22.218221+00:00,90,T,EDGX,1.18,90
2021-06-23 15:45:22.218342157+00:00,2021-06-23 15:45:22.218342157+00:00,140,T,NASDAQ_FUTURES,1.19,300
2021-06-23 15:45:22.218342157+00:00,2021-06-23 15:45:22.218342157+00:00,141,T,NASDAQ_FUTURES,1.19,200
2021-06-23 15:45:22.218342157+00:00,2021-06-23 15:45:22.218342157+00:00,142,T,NASDAQ_FUTURES,1.19,100
2021-06-23 15:45:22.218375168+00:00,2021-06-23 15:45:22.218375168+00:00,47,T,Arca,1.19,100
2021-06-23 15:45:59.600000+00:00,2021-06-23 15:45:59.600000+00:00,70,T,FINRA,1.1802,100
2021-06-23 15:46:26.971222+00:00,2021-06-23 15:46:26.971222+00:00,13,T,EDGA,1.19,100
2021-06-23 15:46:26.975739648+00:00,2021-06-23 15:46:26.975739648+00:00,3,T,NSX,1.19,15
2021-06-23 15:48:15.529000+00:00,2021-06-23 15:48:15.529000+00:00,221,T,FINRA,1.1858,1000
2021-06-23 15:50:33.011000+00:00,2021-06-23 15:50:33.011000+00:00,222,T,FINRA,1.19,7500
2021-06-23 15:50:36.347000+00:00,2021-06-23 15:50:36.347000+00:00,224,T,FINRA,1.185,108
2021-06-23 15:50:36.348000+00:00,2021-06-23 15:50:36.348000+00:00,223,T,FINRA,1.185,109
2021-06-23 15:51:49.173677+00:00,2021-06-23 15:51:49.173677+00:00,91,T,EDGX,1.19,50
2021-06-23 15:52:46.043000+00:00,2021-06-23 15:52:46.043000+00:00,225,T,FINRA,1.1891,1
2021-06-23 15:52:46.043829+00:00,2021-06-23 15:52:46.043829+00:00,92,T,EDGX,1.19,50
2021-06-23 15:52:46.043944031+00:00,2021-06-23 15:52:46.043944031+00:00,143,T,NASDAQ_FUTURES,1.185,147
2021-06-23 15:52:46.043944031+00:00,2021-06-23 15:52:46.043944031+00:00,144,T,NASDAQ_FUTURES,1.19,53
2021-06-23 15:52:46.044017408+00:00,2021-06-23 15:52:46.044017408+00:00,21,T,NYSE,1.185,10
2021-06-23 15:53:20.990000+00:00,2021-06-23 15:53:20.990000+00:00,71,T,FINRA,1.1899,2500
2021-06-23 15:53:34.850000+00:00,2021-06-23 15:53:34.850000+00:00,226,T,FINRA,1.185,100
2021-06-23 15:53:53.910525696+00:00,2021-06-23 15:53:53.910525696+00:00,22,T,NYSE,1.185,100
2021-06-23 15:58:28.779000+00:00,2021-06-23 15:58:28.779000+00:00,72,T,FINRA,1.1899,420
2021-06-23 15:58:42.963229+00:00,2021-06-23 15:58:42.963229+00:00,14,T,EDGA,1.18,6
2021-06-23 15:59:15.009331+00:00,2021-06-23 15:59:15.009331+00:00,93,T,EDGX,1.185,200
2021-06-23 15:59:15.010161+00:00,2021-06-23 15:59:15.010161+00:00,36,T,BATS,1.185,100
2021-06-23 16:03:21.550000+00:00,2021-06-23 16:03:21.550000+00:00,73,T,FINRA,1.181,1000
2021-06-23 16:04:47.056000+00:00,2021-06-23 16:04:47.056000+00:00,74,T,FINRA,1.1889,500
2021-06-23 16:05:00.879799+00:00,2021-06-23 16:05:00.879799+00:00,15,T,EDGA,1.185,100
2021-06-23 16:05:00.879814+00:00,2021-06-23 16:05:00.879814+00:00,37,T,BATS,1.185,100
2021-06-23 16:05:00.879908096+00:00,2021-06-23 16:05:00.879908096+00:00,48,T,Arca,1.185,100
2021-06-23 16:05:00.880150+00:00,2021-06-23 16:05:00.880150+00:00,16,T,EDGA,1.185,100
2021-06-23 16:05:00.880153+00:00,2021-06-23 16:05:00.880153+00:00,38,T,BATS,1.185,100
2021-06-23 16:05:00.880181+00:00,2021-06-23 16:05:00.880181+00:00,94,T,EDGX,1.185,100
2021-06-23 16:05:00.880253696+00:00,2021-06-23 16:05:00.880253696+00:00,49,T,Arca,1.185,100
2021-06-23 16:05:00.883881+00:00,2021-06-23 16:05:00.883881+00:00,17,T,EDGA,1.185,100
2021-06-23 16:05:00.884143+00:00,2021-06-23 16:05:00.884143+00:00,18,T,EDGA,1.185,100
2021-06-23 16:05:00.884415+00:00,2021-06-23 16:05:00.884415+00:00,19,T,EDGA,1.185,100
2021-06-23 16:05:36.477000+00:00,2021-06-23 16:05:36.477000+00:00,227,T,FINRA,1.1821,5
2021-06-23 16:07:50.727085378+00:00,2021-06-23 16:07:50.727085378+00:00,145,T,NASDAQ_FUTURES,1.185,100
2021-06-23 16:07:50.730000+00:00,2021-06-23 16:07:50.730000+00:00,228,T,FINRA,1.19,3900
2021-06-23 16:07:51.354000+00:00,2021-06-23 16:07:51.354000+00:00,229,T,FINRA,1.185,14
2021-06-23 16:07:51.354000+00:00,2021-06-23 16:07:51.354000+00:00,230,T,FINRA,1.185,179
2021-06-23 16:08:24.783773+00:00,2021-06-23 16:08:24.783773+00:00,95,T,EDGX,1.19,100
2021-06-23 16:08:24.783856455+00:00,2021-06-23 16:08:24.783856455+00:00,146,T,NASDAQ_FUTURES,1.19,47
2021-06-23 16:08:24.783856455+00:00,2021-06-23 16:08:24.783856455+00:00,147,T,NASDAQ_FUTURES,1.19,100
2021-06-23 16:08:24.783856455+00:00,2021-06-23 16:08:24.783856455+00:00,148,T,NASDAQ_FUTURES,1.19,100
2021-06-23 16:08:24.783856455+00:00,2021-06-23 16:08:24.783856455+00:00,149,T,NASDAQ_FUTURES,1.19,100
2021-06-23 16:08:24.783856455+00:00,2021-06-23 16:08:24.783856455+00:00,150,T,NASDAQ_FUTURES,1.19,100
2021-06-23 16:08:24.783856455+00:00,2021-06-23 16:08:24.783856455+00:00,151,T,NASDAQ_FUTURES,1.19,200
2021-06-23 16:08:24.786875815+00:00,2021-06-23 16:08:24.786875815+00:00,152,T,NASDAQ_FUTURES,1.19,100
2021-06-23 16:08:24.786875815+00:00,2021-06-23 16:08:24.786875815+00:00,153,T,NASDAQ_FUTURES,1.19,300
2021-06-23 16:08:24.788865208+00:00,2021-06-23 16:08:24.788865208+00:00,154,T,NASDAQ_FUTURES,1.19,100
2021-06-23 16:08:24.788865208+00:00,2021-06-23 16:08:24.788865208+00:00,155,T,NASDAQ_FUTURES,1.19,100
2021-06-23 16:08:24.790050991+00:00,2021-06-23 16:08:24.790050991+00:00,156,T,NASDAQ_FUTURES,1.19,100
2021-06-23 16:08:24.790106880+00:00,2021-06-23 16:08:24.790106880+00:00,2,T,AMEX,1.19,49
2021-06-23 16:08:24.792217891+00:00,2021-06-23 16:08:24.792217891+00:00,157,T,NASDAQ_FUTURES,1.19,100
2021-06-23 16:08:24.792217891+00:00,2021-06-23 16:08:24.792217891+00:00,158,T,NASDAQ_FUTURES,1.19,100
2021-06-23 16:08:24.794066246+00:00,2021-06-23 16:08:24.794066246+00:00,159,T,NASDAQ_FUTURES,1.19,100
2021-06-23 16:08:24.794066246+00:00,2021-06-23 16:08:24.794066246+00:00,160,T,NASDAQ_FUTURES,1.19,100
2021-06-23 16:08:24.797000+00:00,2021-06-23 16:08:24.797000+00:00,231,T,FINRA,1.1918,1253
2021-06-23 16:08:24.797973760+00:00,2021-06-23 16:08:24.797973760+00:00,23,T,NYSE,1.19,100
2021-06-23 16:09:48.366000+00:00,2021-06-23 16:09:48.366000+00:00,232,T,FINRA,1.1955,100
2021-06-23 16:13:05.340962048+00:00,2021-06-23 16:13:05.340962048+00:00,4,T,NSX,1.2,22
2021-06-23 16:14:17.344654080+00:00,2021-06-23 16:14:17.344654080+00:00,5,T,NSX,1.2,20
2021-06-23 16:14:41.144972544+00:00,2021-06-23 16:14:41.144972544+00:00,6,T,NSX,1.2,26
2021-06-23 16:14:41.974895616+00:00,2021-06-23 16:14:41.974895616+00:00,7,T,NSX,1.2,14
2021-06-23 16:17:18.938000+00:00,2021-06-23 16:17:18.938000+00:00,75,T,FINRA,1.1998,500
2021-06-23 16:17:18.938000+00:00,2021-06-23 16:17:18.938000+00:00,76,T,FINRA,1.2,200
2021-06-23 16:17:18.938000+00:00,2021-06-23 16:17:18.938000+00:00,77,T,FINRA,1.2,75
2021-06-23 16:17:18.938000+00:00,2021-06-23 16:17:18.938000+00:00,233,T,FINRA,1.2,225
2021-06-23 16:20:00.456191+00:00,2021-06-23 16:20:00.456191+00:00,39,T,BATS,1.19,100
2021-06-23 16:20:04.790223+00:00,2021-06-23 16:20:04.790223+00:00,40,T,BATS,1.19,100
2021-06-23 16:21:31.653000+00:00,2021-06-23 16:21:31.653000+00:00,234,T,FINRA,1.19,35
2021-06-23 16:21:31.653000+00:00,2021-06-23 16:21:31.653000+00:00,235,T,FINRA,1.19,186
2021-06-23 16:21:31.654301091+00:00,2021-06-23 16:21:31.654301091+00:00,23,T,IEX,1.19,200
2021-06-23 16:21:31.654720+00:00,2021-06-23 16:21:31.654720+00:00,15,T,BYX,1.19,200
2021-06-23 16:21:31.654743+00:00,2021-06-23 16:21:31.654743+00:00,96,T,EDGX,1.19,600
2021-06-23 16:21:31.654752+00:00,2021-06-23 16:21:31.654752+00:00,20,T,EDGA,1.19,300
2021-06-23 16:21:31.654762+00:00,2021-06-23 16:21:31.654762+00:00,41,T,BATS,1.19,200
2021-06-23 16:21:31.654814720+00:00,2021-06-23 16:21:31.654814720+00:00,50,T,Arca,1.19,200
2021-06-23 16:21:31.657404672+00:00,2021-06-23 16:21:31.657404672+00:00,51,T,Arca,1.199,200
2021-06-23 16:21:31.659000+00:00,2021-06-23 16:21:31.659000+00:00,78,T,FINRA,1.1998,1775
2021-06-23 16:21:31.659000+00:00,2021-06-23 16:21:31.659000+00:00,236,T,FINRA,1.2,1775
2021-06-23 16:21:31.660000+00:00,2021-06-23 16:21:31.660000+00:00,79,T,FINRA,1.1998,1104
2021-06-23 16:23:06.244660847+00:00,2021-06-23 16:23:06.244660847+00:00,161,T,NASDAQ_FUTURES,1.2,1
2021-06-23 16:23:50.351000+00:00,2021-06-23 16:23:50.351000+00:00,237,T,FINRA,1.19,214
2021-06-23 16:23:56.844000+00:00,2021-06-23 16:23:56.844000+00:00,80,T,FINRA,1.1966,20
2021-06-23 16:29:03.596000+00:00,2021-06-23 16:29:03.596000+00:00,81,T,FINRA,1.18,400
2021-06-23 16:30:16.427000+00:00,2021-06-23 16:30:16.427000+00:00,238,T,FINRA,1.1802,1000
2021-06-23 16:32:24.604000+00:00,2021-06-23 16:32:24.604000+00:00,82,T,FINRA,1.199,1000
2021-06-23 16:32:45.032770816+00:00,2021-06-23 16:32:45.032770816+00:00,24,T,NYSE,1.19,300
2021-06-23 16:32:45.033455104+00:00,2021-06-23 16:32:45.033455104+00:00,25,T,NYSE,1.19,200
2021-06-23 16:32:45.034000+00:00,2021-06-23 16:32:45.034000+00:00,83,T,FINRA,1.1973,9500
2021-06-23 16:33:23.913000+00:00,2021-06-23 16:33:23.913000+00:00,239,T,FINRA,1.1973,50
2021-06-23 16:35:29.652000+00:00,2021-06-23 16:35:29.652000+00:00,240,T,FINRA,1.1901,171
2021-06-23 16:35:30.131000+00:00,2021-06-23 16:35:30.131000+00:00,241,T,FINRA,1.1901,79
2021-06-23 16:35:46.699470451+00:00,2021-06-23 16:35:46.699470451+00:00,162,T,NASDAQ_FUTURES,1.19,49
2021-06-23 16:35:47.409430+00:00,2021-06-23 16:35:47.409430+00:00,97,T,EDGX,1.19,5
2021-06-23 16:35:47.409430+00:00,2021-06-23 16:35:47.409430+00:00,98,T,EDGX,1.19,195
2021-06-23 16:36:39.598000+00:00,2021-06-23 16:36:39.598000+00:00,242,T,FINRA,1.1967,500
2021-06-23 16:36:52.082000+00:00,2021-06-23 16:36:52.082000+00:00,84,T,FINRA,1.2,2
2021-06-23 16:36:58.402550+00:00,2021-06-23 16:36:58.402550+00:00,21,T,EDGA,1.195,100
2021-06-23 16:37:02.205000+00:00,2021-06-23 16:37:02.205000+00:00,85,T,FINRA,1.199,100
2021-06-23 16:39:37.203000+00:00,2021-06-23 16:39:37.203000+00:00,243,T,FINRA,1.1979,32
2021-06-23 16:41:25.480000+00:00,2021-06-23 16:41:25.480000+00:00,86,T,FINRA,1.195,2
2021-06-23 16:44:00.360000+00:00,2021-06-23 16:44:00.360000+00:00,244,T,FINRA,1.195,224
2021-06-23 16:47:51.703801+00:00,2021-06-23 16:47:51.703801+00:00,42,T,BATS,1.195,100
2021-06-23 16:52:06.028000+00:00,2021-06-23 16:52:06.028000+00:00,245,T,FINRA,1.199,4000
2021-06-23 16:53:20.373000+00:00,2021-06-23 16:53:20.373000+00:00,246,T,FINRA,1.195,19
2021-06-23 16:53:20.373000+00:00,2021-06-23 16:53:20.373000+00:00,247,T,FINRA,1.195,178
2021-06-23 16:53:59.485955072+00:00,2021-06-23 16:53:59.485955072+00:00,8,T,NSX,1.2,5
2021-06-23 16:55:11.414000+00:00,2021-06-23 16:55:11.414000+00:00,248,T,FINRA,1.195,900
2021-06-23 16:58:12.596000+00:00,2021-06-23 16:58:12.596000+00:00,249,T,FINRA,1.19,23
2021-06-23 16:59:05.534000+00:00,2021-06-23 16:59:05.534000+00:00,250,T,FINRA,1.1979,9
2021-06-23 17:00:06.816854+00:00,2021-06-23 17:00:06.816854+00:00,43,T,BATS,1.195,100
2021-06-23 17:02:08.187000+00:00,2021-06-23 17:02:08.187000+00:00,251,T,FINRA,1.1987,19
2021-06-23 17:04:12.462000+00:00,2021-06-23 17:04:12.462000+00:00,252,T,FINRA,1.195,33
2021-06-23 17:06:58.222708+00:00,2021-06-23 17:06:58.222708+00:00,44,T,BATS,1.19,150
2021-06-23 17:06:58.222716+00:00,2021-06-23 17:06:58.222716+00:00,99,T,EDGX,1.19,97
2021-06-23 17:06:58.222716+00:00,2021-06-23 17:06:58.222716+00:00,100,T,EDGX,1.19,200
2021-06-23 17:06:58.222836043+00:00,2021-06-23 17:06:58.222836043+00:00,163,T,NASDAQ_FUTURES,1.19,300
2021-06-23 17:06:58.222836043+00:00,2021-06-23 17:06:58.222836043+00:00,164,T,NASDAQ_FUTURES,1.19,253
2021-06-23 17:07:07.351000+00:00,2021-06-23 17:07:07.351000+00:00,253,T,FINRA,1.195,200
2021-06-23 17:07:09.478000+00:00,2021-06-23 17:07:09.478000+00:00,254,T,FINRA,1.195,200
2021-06-23 17:13:42.288693181+00:00,2021-06-23 17:13:42.288693181+00:00,24,T,IEX,1.195,100
2021-06-23 17:18:04.569000+00:00,2021-06-23 17:18:04.569000+00:00,255,T,FINRA,1.195,100
2021-06-23 17:18:47.562000+00:00,2021-06-23 17:18:47.562000+00:00,87,T,FINRA,1.1913,1
2021-06-23 17:19:49.208000+00:00,2021-06-23 17:19:49.208000+00:00,88,T,FINRA,1.195,1900
2021-06-23 17:19:49.208000+00:00,2021-06-23 17:19:49.208000+00:00,256,T,FINRA,1.195,100
2021-06-23 17:19:49.374000+00:00,2021-06-23 17:19:49.374000+00:00,257,T,FINRA,1.2,78
2021-06-23 17:19:51.373000+00:00,2021-06-23 17:19:51.373000+00:00,258,T,FINRA,1.195,100
2021-06-23 17:19:51.373000+00:00,2021-06-23 17:19:51.373000+00:00,259,T,FINRA,1.195,20
2021-06-23 17:19:51.374000+00:00,2021-06-23 17:19:51.374000+00:00,260,T,FINRA,1.195,72
2021-06-23 17:20:10.556000+00:00,2021-06-23 17:20:10.556000+00:00,261,T,FINRA,1.2,300
2021-06-23 17:23:06.452004484+00:00,2021-06-23 17:23:06.452004484+00:00,165,T,NASDAQ_FUTURES,1.195,100
2021-06-23 17:23:40.444409+00:00,2021-06-23 17:23:40.444409+00:00,16,T,BYX,1.195,100
2021-06-23 17:24:52.842000+00:00,2021-06-23 17:24:52.842000+00:00,89,T,FINRA,1.199,100
2021-06-23 17:24:55.112000+00:00,2021-06-23 17:24:55.112000+00:00,90,T,FINRA,1.195,7
2021-06-23 17:25:14.817587+00:00,2021-06-23 17:25:14.817587+00:00,22,T,EDGA,1.195,100
2021-06-23 17:25:42.545000+00:00,2021-06-23 17:25:42.545000+00:00,262,T,FINRA,1.195,1
2021-06-23 17:25:42.620000+00:00,2021-06-23 17:25:42.620000+00:00,91,T,FINRA,1.1901,189
2021-06-23 17:26:09.099994+00:00,2021-06-23 17:26:09.099994+00:00,45,T,BATS,1.2,1
2021-06-23 17:26:10.863743744+00:00,2021-06-23 17:26:10.863743744+00:00,26,T,NYSE,1.195,100
2021-06-23 17:27:50.912977+00:00,2021-06-23 17:27:50.912977+00:00,101,T,EDGX,1.195,100
2021-06-23 17:27:55.985357046+00:00,2021-06-23 17:27:55.985357046+00:00,25,T,IEX,1.195,147
2021-06-23 17:27:57.421048911+00:00,2021-06-23 17:27:57.421048911+00:00,26,T,IEX,1.195,258
2021-06-23 17:29:54.849000+00:00,2021-06-23 17:29:54.849000+00:00,92,T,FINRA,1.1979,300
2021-06-23 17:32:53.087620235+00:00,2021-06-23 17:32:53.087620235+00:00,27,T,IEX,1.19,100
2021-06-23 17:32:53.089054+00:00,2021-06-23 17:32:53.089054+00:00,102,T,EDGX,1.19,100
2021-06-23 17:32:53.089054+00:00,2021-06-23 17:32:53.089054+00:00,103,T,EDGX,1.19,100
2021-06-23 17:32:53.089054+00:00,2021-06-23 17:32:53.089054+00:00,104,T,EDGX,1.19,100
2021-06-23 17:32:53.090769+00:00,2021-06-23 17:32:53.090769+00:00,105,T,EDGX,1.19,200
2021-06-23 17:32:53.092117760+00:00,2021-06-23 17:32:53.092117760+00:00,52,T,Arca,1.19,100
2021-06-23 17:32:53.092117760+00:00,2021-06-23 17:32:53.092117760+00:00,53,T,Arca,1.19,100
2021-06-23 17:32:53.092117760+00:00,2021-06-23 17:32:53.092117760+00:00,54,T,Arca,1.19,100
2021-06-23 17:32:53.092117760+00:00,2021-06-23 17:32:53.092117760+00:00,55,T,Arca,1.19,100
2021-06-23 17:32:53.094414466+00:00,2021-06-23 17:32:53.094414466+00:00,166,T,NASDAQ_FUTURES,1.19,147
2021-06-23 17:32:53.094414466+00:00,2021-06-23 17:32:53.094414466+00:00,167,T,NASDAQ_FUTURES,1.19,100
2021-06-23 17:32:53.094414466+00:00,2021-06-23 17:32:53.094414466+00:00,168,T,NASDAQ_FUTURES,1.19,300
2021-06-23 17:32:53.098507264+00:00,2021-06-23 17:32:53.098507264+00:00,56,T,Arca,1.182,200
2021-06-23 17:32:53.100000+00:00,2021-06-23 17:32:53.100000+00:00,263,T,FINRA,1.19,200
2021-06-23 17:32:53.100000+00:00,2021-06-23 17:32:53.100000+00:00,266,T,FINRA,1.1815,100
2021-06-23 17:32:53.101000+00:00,2021-06-23 17:32:53.101000+00:00,264,T,FINRA,1.19,200
2021-06-23 17:32:53.101000+00:00,2021-06-23 17:32:53.101000+00:00,267,T,FINRA,1.1815,100
2021-06-23 17:32:53.102000+00:00,2021-06-23 17:32:53.102000+00:00,265,T,FINRA,1.19,153
2021-06-23 17:32:53.103000+00:00,2021-06-23 17:32:53.103000+00:00,93,T,FINRA,1.1802,7500
2021-06-23 17:32:53.256000+00:00,2021-06-23 17:32:53.256000+00:00,268,T,FINRA,1.18,100
2021-06-23 17:32:53.256000+00:00,2021-06-23 17:32:53.256000+00:00,269,T,FINRA,1.18,100
2021-06-23 17:32:53.832000+00:00,2021-06-23 17:32:53.832000+00:00,94,T,FINRA,1.18,100
2021-06-23 17:32:53.832000+00:00,2021-06-23 17:32:53.832000+00:00,270,T,FINRA,1.18,100
2021-06-23 17:32:53.832000+00:00,2021-06-23 17:32:53.832000+00:00,271,T,FINRA,1.18,100
2021-06-23 17:32:53.833051904+00:00,2021-06-23 17:32:53.833051904+00:00,27,T,NYSE,1.18,100
2021-06-23 17:32:53.833838+00:00,2021-06-23 17:32:53.833838+00:00,106,T,EDGX,1.19,100
2021-06-23 17:32:53.833838+00:00,2021-06-23 17:32:53.833838+00:00,107,T,EDGX,1.19,300
2021-06-23 17:32:53.834173184+00:00,2021-06-23 17:32:53.834173184+00:00,28,T,NYSE,1.18,100
2021-06-23 17:32:53.834999+00:00,2021-06-23 17:32:53.834999+00:00,108,T,EDGX,1.18,100
2021-06-23 17:32:53.834999+00:00,2021-06-23 17:32:53.834999+00:00,109,T,EDGX,1.18,880
2021-06-23 17:32:56.376000+00:00,2021-06-23 17:32:56.376000+00:00,272,T,FINRA,1.19,100
2021-06-23 17:32:56.377000+00:00,2021-06-23 17:32:56.377000+00:00,273,T,FINRA,1.19,107
2021-06-23 17:33:11.827000+00:00,2021-06-23 17:33:11.827000+00:00,95,T,FINRA,1.1966,27
2021-06-23 17:35:04.830677+00:00,2021-06-23 17:35:04.830677+00:00,23,T,EDGA,1.19,100
2021-06-23 17:35:30.849000+00:00,2021-06-23 17:35:30.849000+00:00,274,T,FINRA,1.195,100
2021-06-23 17:35:30.849000+00:00,2021-06-23 17:35:30.849000+00:00,275,T,FINRA,1.198,1490
2021-06-23 17:35:30.973000+00:00,2021-06-23 17:35:30.973000+00:00,276,T,FINRA,1.18,100
2021-06-23 17:35:59.543000+00:00,2021-06-23 17:35:59.543000+00:00,277,T,FINRA,1.1971,900
2021-06-23 17:36:23.122000+00:00,2021-06-23 17:36:23.122000+00:00,278,T,FINRA,1.19,1
2021-06-23 17:37:20.708857+00:00,2021-06-23 17:37:20.708857+00:00,17,T,BYX,1.2,100
2021-06-23 17:37:28.101000+00:00,2021-06-23 17:37:28.101000+00:00,279,T,FINRA,1.195,100
2021-06-23 17:37:28.101000+00:00,2021-06-23 17:37:28.101000+00:00,280,T,FINRA,1.198,700
2021-06-23 17:37:28.101939+00:00,2021-06-23 17:37:28.101939+00:00,18,T,BYX,1.2,100
2021-06-23 17:37:37.266000+00:00,2021-06-23 17:37:37.266000+00:00,96,T,FINRA,1.1834,78
2021-06-23 17:41:24.758000+00:00,2021-06-23 17:41:24.758000+00:00,281,T,FINRA,1.19,28
2021-06-23 17:43:50.124000+00:00,2021-06-23 17:43:50.124000+00:00,282,T,FINRA,1.2,3750
2021-06-23 17:43:50.156000+00:00,2021-06-23 17:43:50.156000+00:00,283,T,FINRA,1.18,100
2021-06-23 17:43:50.649619+00:00,2021-06-23 17:43:50.649619+00:00,46,T,BATS,1.18,198
2021-06-23 17:43:50.650658+00:00,2021-06-23 17:43:50.650658+00:00,110,T,EDGX,1.185,400
2021-06-23 17:43:51.378000+00:00,2021-06-23 17:43:51.378000+00:00,284,T,FINRA,1.19,72
2021-06-23 17:43:51.378000+00:00,2021-06-23 17:43:51.378000+00:00,285,T,FINRA,1.19,20
2021-06-23 17:43:51.378000+00:00,2021-06-23 17:43:51.378000+00:00,286,T,FINRA,1.19,100
2021-06-23 17:43:51.379000+00:00,2021-06-23 17:43:51.379000+00:00,287,T,FINRA,1.19,32
2021-06-23 17:44:10.364000+00:00,2021-06-23 17:44:10.364000+00:00,288,T,FINRA,1.1827,7
2021-06-23 17:48:42.547699+00:00,2021-06-23 17:48:42.547699+00:00,19,T,BYX,1.19,100
2021-06-23 17:48:42.547700+00:00,2021-06-23 17:48:42.547700+00:00,24,T,EDGA,1.19,100
2021-06-23 17:48:42.547823890+00:00,2021-06-23 17:48:42.547823890+00:00,3,T,BSE,1.19,100
2021-06-23 17:48:42.548037643+00:00,2021-06-23 17:48:42.548037643+00:00,28,T,IEX,1.19,100
2021-06-23 17:48:42.548062+00:00,2021-06-23 17:48:42.548062+00:00,111,T,EDGX,1.19,100
2021-06-23 17:48:42.548179771+00:00,2021-06-23 17:48:42.548179771+00:00,3,T,PHLX,1.19,100
2021-06-23 17:48:42.548488+00:00,2021-06-23 17:48:42.548488+00:00,25,T,EDGA,1.19,100
2021-06-23 17:48:42.548496+00:00,2021-06-23 17:48:42.548496+00:00,20,T,BYX,1.19,100
2021-06-23 17:48:42.548497+00:00,2021-06-23 17:48:42.548497+00:00,47,T,BATS,1.19,100
2021-06-23 17:48:42.548656128+00:00,2021-06-23 17:48:42.548656128+00:00,57,T,Arca,1.19,100
2021-06-23 17:48:42.548678144+00:00,2021-06-23 17:48:42.548678144+00:00,29,T,NYSE,1.19,100
2021-06-23 17:48:42.549060+00:00,2021-06-23 17:48:42.549060+00:00,26,T,EDGA,1.19,100
2021-06-23 17:48:42.549071+00:00,2021-06-23 17:48:42.549071+00:00,21,T,BYX,1.19,150
2021-06-23 17:48:42.549075+00:00,2021-06-23 17:48:42.549075+00:00,112,T,EDGX,1.19,100
2021-06-23 17:48:42.549192473+00:00,2021-06-23 17:48:42.549192473+00:00,4,T,BSE,1.19,100
2021-06-23 17:48:42.549409238+00:00,2021-06-23 17:48:42.549409238+00:00,29,T,IEX,1.19,100
2021-06-23 17:48:42.549574355+00:00,2021-06-23 17:48:42.549574355+00:00,4,T,PHLX,1.19,100
2021-06-23 17:49:42.214000+00:00,2021-06-23 17:49:42.214000+00:00,289,T,FINRA,1.195,1
2021-06-23 17:49:42.262000+00:00,2021-06-23 17:49:42.262000+00:00,97,T,FINRA,1.2,4
2021-06-23 17:55:14.053000+00:00,2021-06-23 17:55:14.053000+00:00,98,T,FINRA,1.1988,84
2021-06-23 18:02:14.611000+00:00,2021-06-23 18:02:14.611000+00:00,99,T,FINRA,1.195,100
2021-06-23 18:03:04.145000+00:00,2021-06-23 18:03:04.145000+00:00,290,T,FINRA,1.1979,9
2021-06-23 18:03:07.400000+00:00,2021-06-23 18:03:07.400000+00:00,291,T,FINRA,1.2,8
2021-06-23 18:05:49.890000+00:00,2021-06-23 18:05:49.890000+00:00,100,T,FINRA,1.1953,628
2021-06-23 18:08:12.366000+00:00,2021-06-23 18:08:12.366000+00:00,292,T,FINRA,1.195,1
2021-06-23 18:08:12.437000+00:00,2021-06-23 18:08:12.437000+00:00,101,T,FINRA,1.1979,69
2021-06-23 18:10:02.594000+00:00,2021-06-23 18:10:02.594000+00:00,293,T,FINRA,1.193,2000
2021-06-23 18:11:00.555000+00:00,2021-06-23 18:11:00.555000+00:00,294,T,FINRA,1.1908,1250
2021-06-23 18:12:23.520000+00:00,2021-06-23 18:12:23.520000+00:00,295,T,FINRA,1.1912,47
2021-06-23 18:12:34.855026+00:00,2021-06-23 18:12:34.855026+00:00,48,T,BATS,1.195,100
2021-06-23 18:12:55.144468975+00:00,2021-06-23 18:12:55.144468975+00:00,30,T,IEX,1.195,400
2021-06-23 18:12:55.352580694+00:00,2021-06-23 18:12:55.352580694+00:00,31,T,IEX,1.195,1100
2021-06-23 18:12:55.353000+00:00,2021-06-23 18:12:55.353000+00:00,296,T,FINRA,1.195,1
2021-06-23 18:13:37.093380+00:00,2021-06-23 18:13:37.093380+00:00,27,T,EDGA,1.2,1
2021-06-23 18:13:51.507141+00:00,2021-06-23 18:13:51.507141+00:00,113,T,EDGX,1.195,300
2021-06-23 18:14:10.936154368+00:00,2021-06-23 18:14:10.936154368+00:00,30,T,NYSE,1.195,100
2021-06-23 18:14:33.825440+00:00,2021-06-23 18:14:33.825440+00:00,28,T,EDGA,1.195,100
2021-06-23 18:16:48.419000+00:00,2021-06-23 18:16:48.419000+00:00,297,T,FINRA,1.1901,7
2021-06-23 18:16:51.401000+00:00,2021-06-23 18:16:51.401000+00:00,298,T,FINRA,1.195,100
2021-06-23 18:16:51.407000+00:00,2021-06-23 18:16:51.407000+00:00,299,T,FINRA,1.195,100
2021-06-23 18:16:51.556000+00:00,2021-06-23 18:16:51.556000+00:00,300,T,FINRA,1.2,77
2021-06-23 18:17:24.654000+00:00,2021-06-23 18:17:24.654000+00:00,301,T,FINRA,1.195,100
2021-06-23 18:17:24.656389376+00:00,2021-06-23 18:17:24.656389376+00:00,31,T,NYSE,1.195,147
2021-06-23 18:17:24.659000+00:00,2021-06-23 18:17:24.659000+00:00,102,T,FINRA,1.2,5903
2021-06-23 18:17:24.663582+00:00,2021-06-23 18:17:24.663582+00:00,114,T,EDGX,1.195,400
2021-06-23 18:17:26.381000+00:00,2021-06-23 18:17:26.381000+00:00,302,T,FINRA,1.195,99
2021-06-23 18:17:26.381000+00:00,2021-06-23 18:17:26.381000+00:00,303,T,FINRA,1.195,19
2021-06-23 18:17:26.381000+00:00,2021-06-23 18:17:26.381000+00:00,304,T,FINRA,1.195,100
2021-06-23 18:18:27.704000+00:00,2021-06-23 18:18:27.704000+00:00,103,T,FINRA,1.1979,1
2021-06-23 18:19:00.519000+00:00,2021-06-23 18:19:00.519000+00:00,305,T,FINRA,1.1979,55
2021-06-23 18:21:20.514000+00:00,2021-06-23 18:21:20.514000+00:00,306,T,FINRA,1.1901,23364
2021-06-23 18:21:21.675000+00:00,2021-06-23 18:21:21.675000+00:00,307,T,FINRA,1.195,1
2021-06-23 18:21:44.536680+00:00,2021-06-23 18:21:44.536680+00:00,115,T,EDGX,1.19,25
2021-06-23 18:21:44.536680+00:00,2021-06-23 18:21:44.536680+00:00,116,T,EDGX,1.19,200
2021-06-23 18:21:44.536680+00:00,2021-06-23 18:21:44.536680+00:00,117,T,EDGX,1.18,3
2021-06-23 18:21:44.536681+00:00,2021-06-23 18:21:44.536681+00:00,49,T,BATS,1.19,17
2021-06-23 18:21:44.536807997+00:00,2021-06-23 18:21:44.536807997+00:00,169,T,NASDAQ_FUTURES,1.19,4
2021-06-23 18:21:44.536807997+00:00,2021-06-23 18:21:44.536807997+00:00,170,T,NASDAQ_FUTURES,1.19,300
2021-06-23 18:21:44.536807997+00:00,2021-06-23 18:21:44.536807997+00:00,171,T,NASDAQ_FUTURES,1.19,300
2021-06-23 18:21:44.536807997+00:00,2021-06-23 18:21:44.536807997+00:00,172,T,NASDAQ_FUTURES,1.19,60
2021-06-23 18:21:44.536846848+00:00,2021-06-23 18:21:44.536846848+00:00,58,T,Arca,1.19,100
2021-06-23 18:21:44.536846848+00:00,2021-06-23 18:21:44.536846848+00:00,59,T,Arca,1.19,100
2021-06-23 18:21:44.536846848+00:00,2021-06-23 18:21:44.536846848+00:00,60,T,Arca,1.19,100
2021-06-23 18:21:45.006000+00:00,2021-06-23 18:21:45.006000+00:00,308,T,FINRA,1.1901,237
2021-06-23 18:21:46.380000+00:00,2021-06-23 18:21:46.380000+00:00,309,T,FINRA,1.195,99
2021-06-23 18:21:46.380000+00:00,2021-06-23 18:21:46.380000+00:00,310,T,FINRA,1.195,100
2021-06-23 18:21:46.381000+00:00,2021-06-23 18:21:46.381000+00:00,311,T,FINRA,1.195,22
2021-06-23 18:22:00.991463179+00:00,2021-06-23 18:22:00.991463179+00:00,173,T,NASDAQ_FUTURES,1.19,100
2021-06-23 18:22:00.991463179+00:00,2021-06-23 18:22:00.991463179+00:00,174,T,NASDAQ_FUTURES,1.19,300
2021-06-23 18:22:09.359000+00:00,2021-06-23 18:22:09.359000+00:00,312,T,FINRA,1.18,100
2021-06-23 18:22:19.842634+00:00,2021-06-23 18:22:19.842634+00:00,50,T,BATS,1.185,100
2021-06-23 18:22:24.842890+00:00,2021-06-23 18:22:24.842890+00:00,51,T,BATS,1.185,200
2021-06-23 18:22:33.848203+00:00,2021-06-23 18:22:33.848203+00:00,22,T,BYX,1.185,200
2021-06-23 18:22:59.585921701+00:00,2021-06-23 18:22:59.585921701+00:00,175,T,NASDAQ_FUTURES,1.18,20
2021-06-23 18:23:23.772000+00:00,2021-06-23 18:23:23.772000+00:00,313,T,FINRA,1.185,4
2021-06-23 18:23:39.740000+00:00,2021-06-23 18:23:39.740000+00:00,104,T,FINRA,1.189,85
2021-06-23 18:23:42.330000+00:00,2021-06-23 18:23:42.330000+00:00,314,T,FINRA,1.18,100
2021-06-23 18:26:49.842300+00:00,2021-06-23 18:26:49.842300+00:00,29,T,EDGA,1.185,100
2021-06-23 18:26:51.266000+00:00,2021-06-23 18:26:51.266000+00:00,315,T,FINRA,1.19,2521
2021-06-23 18:26:51.409141+00:00,2021-06-23 18:26:51.409141+00:00,30,T,EDGA,1.18,100
2021-06-23 18:27:25.328000+00:00,2021-06-23 18:27:25.328000+00:00,316,T,FINRA,1.1899,633
2021-06-23 18:33:06.146000+00:00,2021-06-23 18:33:06.146000+00:00,317,T,FINRA,1.19,1536
2021-06-23 18:33:07.012000+00:00,2021-06-23 18:33:07.012000+00:00,318,T,FINRA,1.185,42
2021-06-23 18:33:07.018229+00:00,2021-06-23 18:33:07.018229+00:00,118,T,EDGX,1.185,200
2021-06-23 18:33:10.981518592+00:00,2021-06-23 18:33:10.981518592+00:00,32,T,NYSE,1.185,100
2021-06-23 18:33:13.982929152+00:00,2021-06-23 18:33:13.982929152+00:00,33,T,NYSE,1.185,100
2021-06-23 18:33:23.993611776+00:00,2021-06-23 18:33:23.993611776+00:00,34,T,NYSE,1.185,100
2021-06-23 18:33:53.903697152+00:00,2021-06-23 18:33:53.903697152+00:00,35,T,NYSE,1.185,100
2021-06-23 18:33:53.904335+00:00,2021-06-23 18:33:53.904335+00:00,119,T,EDGX,1.185,100
2021-06-23 18:34:43.467000+00:00,2021-06-23 18:34:43.467000+00:00,105,T,FINRA,1.189,9
2021-06-23 18:34:53.958000+00:00,2021-06-23 18:34:53.958000+00:00,106,T,FINRA,1.184,10
2021-06-23 18:36:29.846391+00:00,2021-06-23 18:36:29.846391+00:00,31,T,EDGA,1.185,100
2021-06-23 18:37:04.786000+00:00,2021-06-23 18:37:04.786000+00:00,320,T,FINRA,1.18,50
2021-06-23 18:37:04.787000+00:00,2021-06-23 18:37:04.787000+00:00,319,T,FINRA,1.1801,200
2021-06-23 18:37:52.851445+00:00,2021-06-23 18:37:52.851445+00:00,32,T,EDGA,1.18,100
2021-06-23 18:37:52.851447+00:00,2021-06-23 18:37:52.851447+00:00,120,T,EDGX,1.18,100
2021-06-23 18:38:06.685000+00:00,2021-06-23 18:38:06.685000+00:00,321,T,FINRA,1.185,1
2021-06-23 18:40:06.470000+00:00,2021-06-23 18:40:06.470000+00:00,107,T,FINRA,1.19,1
2021-06-23 18:40:39.073583193+00:00,2021-06-23 18:40:39.073583193+00:00,32,T,IEX,1.185,600
2021-06-23 18:40:39.077541120+00:00,2021-06-23 18:40:39.077541120+00:00,61,T,Arca,1.185,400
2021-06-23 18:40:42.204000+00:00,2021-06-23 18:40:42.204000+00:00,322,T,FINRA,1.185,168
2021-06-23 18:40:42.395578440+00:00,2021-06-23 18:40:42.395578440+00:00,33,T,IEX,1.185,168
2021-06-23 18:40:48.634000+00:00,2021-06-23 18:40:48.634000+00:00,108,T,FINRA,1.1888,300
2021-06-23 18:40:51.387000+00:00,2021-06-23 18:40:51.387000+00:00,323,T,FINRA,1.185,35
2021-06-23 18:40:51.387000+00:00,2021-06-23 18:40:51.387000+00:00,324,T,FINRA,1.185,100
2021-06-23 18:40:51.388000+00:00,2021-06-23 18:40:51.388000+00:00,325,T,FINRA,1.185,93
2021-06-23 18:41:15.807000+00:00,2021-06-23 18:41:15.807000+00:00,326,T,FINRA,1.1886,100
2021-06-23 18:41:45.474000+00:00,2021-06-23 18:41:45.474000+00:00,109,T,FINRA,1.189,50
2021-06-23 18:46:32.328000+00:00,2021-06-23 18:46:32.328000+00:00,110,T,FINRA,1.1889,10
2021-06-23 18:51:36.127000+00:00,2021-06-23 18:51:36.127000+00:00,327,T,FINRA,1.19,3000
2021-06-23 18:51:36.774626+00:00,2021-06-23 18:51:36.774626+00:00,121,T,EDGX,1.185,400
2021-06-23 18:51:36.775106+00:00,2021-06-23 18:51:36.775106+00:00,122,T,EDGX,1.185,100
2021-06-23 18:51:36.775625+00:00,2021-06-23 18:51:36.775625+00:00,52,T,BATS,1.185,100
2021-06-23 18:51:36.775625+00:00,2021-06-23 18:51:36.775625+00:00,53,T,BATS,1.185,100
2021-06-23 18:51:36.775625+00:00,2021-06-23 18:51:36.775625+00:00,54,T,BATS,1.185,100
2021-06-23 18:51:36.781558273+00:00,2021-06-23 18:51:36.781558273+00:00,34,T,IEX,1.185,600
2021-06-23 18:51:37.369281280+00:00,2021-06-23 18:51:37.369281280+00:00,36,T,NYSE,1.185,140
2021-06-23 18:51:37.603093673+00:00,2021-06-23 18:51:37.603093673+00:00,35,T,IEX,1.185,382
2021-06-23 18:51:37.615832+00:00,2021-06-23 18:51:37.615832+00:00,123,T,EDGX,1.185,100
2021-06-23 18:51:46.300000+00:00,2021-06-23 18:51:46.300000+00:00,328,T,FINRA,1.18,600
2021-06-23 18:51:46.337000+00:00,2021-06-23 18:51:46.337000+00:00,329,T,FINRA,1.19,30
2021-06-23 18:52:37.453993+00:00,2021-06-23 18:52:37.453993+00:00,23,T,BYX,1.185,49
2021-06-23 18:52:41.550793846+00:00,2021-06-23 18:52:41.550793846+00:00,176,T,NASDAQ_FUTURES,1.19,9
2021-06-23 18:54:08.896104+00:00,2021-06-23 18:54:08.896104+00:00,55,T,BATS,1.185,100
2021-06-23 18:55:04.806000+00:00,2021-06-23 18:55:04.806000+00:00,330,T,FINRA,1.185,131
2021-06-23 18:55:04.876000+00:00,2021-06-23 18:55:04.876000+00:00,331,T,FINRA,1.185,69
2021-06-23 18:55:04.877000+00:00,2021-06-23 18:55:04.877000+00:00,332,T,FINRA,1.185,31
2021-06-23 18:55:09.274000+00:00,2021-06-23 18:55:09.274000+00:00,333,T,FINRA,1.1801,100
2021-06-23 18:55:14.918000+00:00,2021-06-23 18:55:14.918000+00:00,334,T,FINRA,1.1801,145
2021-06-23 18:55:15.660000+00:00,2021-06-23 18:55:15.660000+00:00,335,T,FINRA,1.19,20
2021-06-23 18:56:37.707000+00:00,2021-06-23 18:56:37.707000+00:00,111,T,FINRA,1.1899,50
2021-06-23 18:59:59.306000+00:00,2021-06-23 18:59:59.306000+00:00,112,T,FINRA,1.1815,1000
2021-06-23 19:00:01.463000+00:00,2021-06-23 19:00:01.463000+00:00,336,T,FINRA,1.19,30
2021-06-23 19:00:06.179000+00:00,2021-06-23 19:00:06.179000+00:00,337,T,FINRA,1.1801,100
2021-06-23 19:00:26.937000+00:00,2021-06-23 19:00:26.937000+00:00,338,T,FINRA,1.185,42
2021-06-23 19:00:38.412216+00:00,2021-06-23 19:00:38.412216+00:00,124,T,EDGX,1.18,100
2021-06-23 19:00:39.254999+00:00,2021-06-23 19:00:39.254999+00:00,125,T,EDGX,1.18,31
2021-06-23 19:01:27.610000+00:00,2021-06-23 19:01:27.610000+00:00,113,T,FINRA,1.1801,1000
2021-06-23 19:01:27.610000+00:00,2021-06-23 19:01:27.610000+00:00,114,T,FINRA,1.18,50
2021-06-23 19:01:29.230000+00:00,2021-06-23 19:01:29.230000+00:00,339,T,FINRA,1.19,40
2021-06-23 19:02:38.820841+00:00,2021-06-23 19:02:38.820841+00:00,33,T,EDGA,1.185,100
2021-06-23 19:02:45.001000+00:00,2021-06-23 19:02:45.001000+00:00,340,T,FINRA,1.185,152
2021-06-23 19:02:45.003354+00:00,2021-06-23 19:02:45.003354+00:00,126,T,EDGX,1.185,200
2021-06-23 19:03:25.745888+00:00,2021-06-23 19:03:25.745888+00:00,37,T,NYSE,1.185,49
2021-06-23 19:03:25.747000+00:00,2021-06-23 19:03:25.747000+00:00,341,T,FINRA,1.19,100
2021-06-23 19:03:25.747000+00:00,2021-06-23 19:03:25.747000+00:00,342,T,FINRA,1.19,93
2021-06-23 19:03:25.747000+00:00,2021-06-23 19:03:25.747000+00:00,343,T,FINRA,1.19,7
2021-06-23 19:03:25.747411+00:00,2021-06-23 19:03:25.747411+00:00,56,T,BATS,1.19,100
2021-06-23 19:03:25.747581696+00:00,2021-06-23 19:03:25.747581696+00:00,62,T,Arca,1.19,100
2021-06-23 19:03:25.747591936+00:00,2021-06-23 19:03:25.747591936+00:00,38,T,NYSE,1.19,100
2021-06-23 19:03:25.749098+00:00,2021-06-23 19:03:25.749098+00:00,127,T,EDGX,1.19,1
2021-06-23 19:03:25.749098+00:00,2021-06-23 19:03:25.749098+00:00,128,T,EDGX,1.19,200
2021-06-23 19:03:25.749098+00:00,2021-06-23 19:03:25.749098+00:00,129,T,EDGX,1.2,1152
2021-06-23 19:03:25.749218840+00:00,2021-06-23 19:03:25.749218840+00:00,177,T,NASDAQ_FUTURES,1.19,206
2021-06-23 19:03:25.749218840+00:00,2021-06-23 19:03:25.749218840+00:00,178,T,NASDAQ_FUTURES,1.19,200
2021-06-23 19:03:25.749218840+00:00,2021-06-23 19:03:25.749218840+00:00,179,T,NASDAQ_FUTURES,1.19,100
2021-06-23 19:03:25.749276416+00:00,2021-06-23 19:03:25.749276416+00:00,9,T,NSX,1.19,200
2021-06-23 19:03:25.749276416+00:00,2021-06-23 19:03:25.749276416+00:00,10,T,NSX,1.19,700
2021-06-23 19:03:25.749433146+00:00,2021-06-23 19:03:25.749433146+00:00,36,T,IEX,1.19,48
2021-06-23 19:03:25.749433146+00:00,2021-06-23 19:03:25.749433146+00:00,37,T,IEX,1.19,100
2021-06-23 19:03:25.749433146+00:00,2021-06-23 19:03:25.749433146+00:00,38,T,IEX,1.19,44
2021-06-23 19:03:25.850000+00:00,2021-06-23 19:03:25.850000+00:00,344,T,FINRA,1.185,1
2021-06-23 19:03:26.195713280+00:00,2021-06-23 19:03:26.195713280+00:00,11,T,NSX,1.19,137
2021-06-23 19:03:26.207947+00:00,2021-06-23 19:03:26.207947+00:00,130,T,EDGX,1.185,200
2021-06-23 19:03:26.209438+00:00,2021-06-23 19:03:26.209438+00:00,57,T,BATS,1.185,100
2021-06-23 19:03:26.210220106+00:00,2021-06-23 19:03:26.210220106+00:00,180,T,NASDAQ_FUTURES,1.185,300
2021-06-23 19:03:26.212665271+00:00,2021-06-23 19:03:26.212665271+00:00,39,T,IEX,1.19,120
2021-06-23 19:03:26.400000+00:00,2021-06-23 19:03:26.400000+00:00,345,T,FINRA,1.185,205
2021-06-23 19:03:27.439010+00:00,2021-06-23 19:03:27.439010+00:00,131,T,EDGX,1.185,100
2021-06-23 19:05:36.598311+00:00,2021-06-23 19:05:36.598311+00:00,34,T,EDGA,1.19,25
2021-06-23 19:06:32.115000+00:00,2021-06-23 19:06:32.115000+00:00,346,T,FINRA,1.1889,50
2021-06-23 19:07:56.704000+00:00,2021-06-23 19:07:56.704000+00:00,347,T,FINRA,1.185,1
2021-06-23 19:08:28.659780+00:00,2021-06-23 19:08:28.659780+00:00,58,T,BATS,1.185,100
2021-06-23 19:08:41.401000+00:00,2021-06-23 19:08:41.401000+00:00,348,T,FINRA,1.185,99
2021-06-23 19:08:41.401000+00:00,2021-06-23 19:08:41.401000+00:00,349,T,FINRA,1.185,39
2021-06-23 19:08:41.401000+00:00,2021-06-23 19:08:41.401000+00:00,350,T,FINRA,1.185,25
2021-06-23 19:08:41.402000+00:00,2021-06-23 19:08:41.402000+00:00,351,T,FINRA,1.185,45
2021-06-23 19:09:42.569000+00:00,2021-06-23 19:09:42.569000+00:00,352,T,FINRA,1.185,1
2021-06-23 19:09:42.642000+00:00,2021-06-23 19:09:42.642000+00:00,115,T,FINRA,1.19,8
2021-06-23 19:10:07.339000+00:00,2021-06-23 19:10:07.339000+00:00,353,T,FINRA,1.189,500
2021-06-23 19:10:07.341000+00:00,2021-06-23 19:10:07.341000+00:00,354,T,FINRA,1.189,100
2021-06-23 19:10:07.343000+00:00,2021-06-23 19:10:07.343000+00:00,355,T,FINRA,1.189,200
2021-06-23 19:10:07.347000+00:00,2021-06-23 19:10:07.347000+00:00,356,T,FINRA,1.19,67
2021-06-23 19:10:07.350000+00:00,2021-06-23 19:10:07.350000+00:00,357,T,FINRA,1.19,200
2021-06-23 19:10:07.356223+00:00,2021-06-23 19:10:07.356223+00:00,24,T,BYX,1.19,200
2021-06-23 19:10:07.356226+00:00,2021-06-23 19:10:07.356226+00:00,132,T,EDGX,1.19,100
2021-06-23 19:10:07.356226+00:00,2021-06-23 19:10:07.356226+00:00,133,T,EDGX,1.19,62
2021-06-23 19:10:07.356226+00:00,2021-06-23 19:10:07.356226+00:00,134,T,EDGX,1.19,100
2021-06-23 19:10:07.356226+00:00,2021-06-23 19:10:07.356226+00:00,135,T,EDGX,1.19,44
2021-06-23 19:10:07.356304659+00:00,2021-06-23 19:10:07.356304659+00:00,181,T,NASDAQ_FUTURES,1.19,200
2021-06-23 19:10:07.356304659+00:00,2021-06-23 19:10:07.356304659+00:00,182,T,NASDAQ_FUTURES,1.19,100
2021-06-23 19:10:07.356347648+00:00,2021-06-23 19:10:07.356347648+00:00,12,T,NSX,1.19,100
2021-06-23 19:10:07.356565729+00:00,2021-06-23 19:10:07.356565729+00:00,40,T,IEX,1.19,100
2021-06-23 19:10:07.356706+00:00,2021-06-23 19:10:07.356706+00:00,41,T,IEX,1.19,3
2021-06-23 19:10:07.359479613+00:00,2021-06-23 19:10:07.359479613+00:00,183,T,NASDAQ_FUTURES,1.19,200
2021-06-23 19:10:07.359479613+00:00,2021-06-23 19:10:07.359479613+00:00,184,T,NASDAQ_FUTURES,1.19,100
2021-06-23 19:10:07.359479613+00:00,2021-06-23 19:10:07.359479613+00:00,185,T,NASDAQ_FUTURES,1.19,100
2021-06-23 19:10:07.359676+00:00,2021-06-23 19:10:07.359676+00:00,136,T,EDGX,1.19,3
2021-06-23 19:10:07.360141254+00:00,2021-06-23 19:10:07.360141254+00:00,42,T,IEX,1.19,2
2021-06-23 19:10:07.361456172+00:00,2021-06-23 19:10:07.361456172+00:00,186,T,NASDAQ_FUTURES,1.19,100
2021-06-23 19:10:07.361456172+00:00,2021-06-23 19:10:07.361456172+00:00,187,T,NASDAQ_FUTURES,1.19,200
2021-06-23 19:10:07.361456172+00:00,2021-06-23 19:10:07.361456172+00:00,188,T,NASDAQ_FUTURES,1.19,100
2021-06-23 19:10:07.363601025+00:00,2021-06-23 19:10:07.363601025+00:00,189,T,NASDAQ_FUTURES,1.19,127
2021-06-23 19:12:34.320115925+00:00,2021-06-23 19:12:34.320115925+00:00,190,T,NASDAQ_FUTURES,1.19,39
2021-06-23 19:14:21.519574+00:00,2021-06-23 19:14:21.519574+00:00,35,T,EDGA,1.19,100
2021-06-23 19:14:27.848000+00:00,2021-06-23 19:14:27.848000+00:00,358,T,FINRA,1.1883,100
2021-06-23 19:14:57.067000+00:00,2021-06-23 19:14:57.067000+00:00,359,T,FINRA,1.1883,100
2021-06-23 19:15:07.627771+00:00,2021-06-23 19:15:07.627771+00:00,59,T,BATS,1.185,100
2021-06-23 19:15:07.627771+00:00,2021-06-23 19:15:07.627771+00:00,60,T,BATS,1.185,100
2021-06-23 19:15:10.128000+00:00,2021-06-23 19:15:10.128000+00:00,116,T,FINRA,1.189,350
2021-06-23 19:16:23.474803+00:00,2021-06-23 19:16:23.474803+00:00,137,T,EDGX,1.185,200
2021-06-23 19:17:02.197000+00:00,2021-06-23 19:17:02.197000+00:00,117,T,FINRA,1.1878,200
2021-06-23 19:18:29.194000+00:00,2021-06-23 19:18:29.194000+00:00,360,T,FINRA,1.1811,1366
2021-06-23 19:20:23.001000+00:00,2021-06-23 19:20:23.001000+00:00,118,T,FINRA,1.1801,1000
2021-06-23 19:20:23.001000+00:00,2021-06-23 19:20:23.001000+00:00,119,T,FINRA,1.18,1
2021-06-23 19:20:23.001000+00:00,2021-06-23 19:20:23.001000+00:00,120,T,FINRA,1.18,999
2021-06-23 19:20:28.014000+00:00,2021-06-23 19:20:28.014000+00:00,121,T,FINRA,1.18,1
2021-06-23 19:20:49.897000+00:00,2021-06-23 19:20:49.897000+00:00,361,T,FINRA,1.1881,100
2021-06-23 19:21:14.911000+00:00,2021-06-23 19:21:14.911000+00:00,362,T,FINRA,1.185,42
2021-06-23 19:21:14.911000+00:00,2021-06-23 19:21:14.911000+00:00,363,T,FINRA,1.185,42
2021-06-23 19:21:14.917356032+00:00,2021-06-23 19:21:14.917356032+00:00,13,T,NSX,1.185,49
2021-06-23 19:21:14.917575960+00:00,2021-06-23 19:21:14.917575960+00:00,43,T,IEX,1.185,49
2021-06-23 19:21:14.924000+00:00,2021-06-23 19:21:14.924000+00:00,364,T,FINRA,1.19,100
2021-06-23 19:21:14.924000+00:00,2021-06-23 19:21:14.924000+00:00,366,T,FINRA,1.19,56
2021-06-23 19:21:14.926000+00:00,2021-06-23 19:21:14.926000+00:00,365,T,FINRA,1.19,900
2021-06-23 19:21:14.927000+00:00,2021-06-23 19:21:14.927000+00:00,367,T,FINRA,1.19,200
2021-06-23 19:21:14.934417+00:00,2021-06-23 19:21:14.934417+00:00,25,T,BYX,1.19,58
2021-06-23 19:21:14.934417+00:00,2021-06-23 19:21:14.934417+00:00,26,T,BYX,1.19,400
2021-06-23 19:21:14.934417+00:00,2021-06-23 19:21:14.934417+00:00,27,T,BYX,1.19,57
2021-06-23 19:21:14.934417+00:00,2021-06-23 19:21:14.934417+00:00,28,T,BYX,1.19,300
2021-06-23 19:21:14.934419+00:00,2021-06-23 19:21:14.934419+00:00,138,T,EDGX,1.19,2
2021-06-23 19:21:14.934419+00:00,2021-06-23 19:21:14.934419+00:00,139,T,EDGX,1.19,100
2021-06-23 19:21:14.934419+00:00,2021-06-23 19:21:14.934419+00:00,140,T,EDGX,1.19,100
2021-06-23 19:21:14.934419+00:00,2021-06-23 19:21:14.934419+00:00,141,T,EDGX,1.19,300
2021-06-23 19:21:14.934420+00:00,2021-06-23 19:21:14.934420+00:00,36,T,EDGA,1.19,100
2021-06-23 19:21:14.934500664+00:00,2021-06-23 19:21:14.934500664+00:00,191,T,NASDAQ_FUTURES,1.19,34
2021-06-23 19:21:14.934500664+00:00,2021-06-23 19:21:14.934500664+00:00,192,T,NASDAQ_FUTURES,1.19,100
2021-06-23 19:21:14.934500664+00:00,2021-06-23 19:21:14.934500664+00:00,193,T,NASDAQ_FUTURES,1.19,200
2021-06-23 19:21:14.934500664+00:00,2021-06-23 19:21:14.934500664+00:00,194,T,NASDAQ_FUTURES,1.19,200
2021-06-23 19:21:14.934500664+00:00,2021-06-23 19:21:14.934500664+00:00,195,T,NASDAQ_FUTURES,1.19,300
2021-06-23 19:21:14.934760620+00:00,2021-06-23 19:21:14.934760620+00:00,44,T,IEX,1.19,203
2021-06-23 19:21:14.935660544+00:00,2021-06-23 19:21:14.935660544+00:00,39,T,NYSE,1.185,200
2021-06-23 19:21:14.939136+00:00,2021-06-23 19:21:14.939136+00:00,142,T,EDGX,1.19,100
