timestamp,timestamp,tick_type,ask_exchange,ask_price,ask_size,bid_exchange,bid_price,bid_size,conditions
2021-06-23 08:00:00.000645+00:00,2021-06-23 08:00:00.000645+00:00,Q,EDGX,1.3,10, ,0.0,0,['Y']
2021-06-23 08:00:00.000645+00:00,2021-06-23 08:00:00.000645+00:00,Q,EDGX,1.3,10,EDGX,1.16,3,['R']
2021-06-23 08:00:00.000645+00:00,2021-06-23 08:00:00.000645+00:00,Q,EDGX,1.3,10,EDGX,1.1,5,['R']
2021-06-23 08:00:00.000645+00:00,2021-06-23 08:00:00.000645+00:00,Q,EDGX,1.97,1, ,0.0,0,['Y']
2021-06-23 08:00:08.122849+00:00,2021-06-23 08:00:08.122849+00:00,Q,EDGX,1.3,10,Arca,1.13,1,['R']
2021-06-23 08:00:08.123036+00:00,2021-06-23 08:00:08.123036+00:00,Q,Arca,1.55,10,Arca,1.13,1,['R']
2021-06-23 08:00:08.124417536+00:00,2021-06-23 08:00:08.124417536+00:00,Q,EDGX,1.5,3,Arca,1.16,3,['R']
2021-06-23 08:00:08.124530+00:00,2021-06-23 08:00:08.124530+00:00,Q,EDGX,1.5,3,Arca,1.13,1,['R']
2021-06-23 08:00:08.125852+00:00,2021-06-23 08:00:08.125852+00:00,Q,EDGX,1.3,10,Arca,1.16,3,['R']
2021-06-23 08:00:10.310418688+00:00,2021-06-23 08:00:10.310418688+00:00,Q,Arca,1.17,6,Arca,1.16,3,['R']
2021-06-23 08:00:15.414592512+00:00,2021-06-23 08:00:15.414592512+00:00,Q,Arca,1.17,4,Arca,1.16,3,['R']
2021-06-23 08:00:20.534772224+00:00,2021-06-23 08:00:20.534772224+00:00,Q,Arca,1.17,2,Arca,1.16,3,['R']
2021-06-23 08:01:01.809202688+00:00,2021-06-23 08:01:01.809202688+00:00,Q,Arca,1.17,2,Arca,1.16,8,['R']
2021-06-23 08:01:02.591071232+00:00,2021-06-23 08:01:02.591071232+00:00,Q,Arca,1.17,2,Arca,1.16,3,['R']
2021-06-23 08:01:48.216365824+00:00,2021-06-23 08:01:48.216365824+00:00,Q,EDGX,1.3,10,Arca,1.16,3,['R']
2021-06-23 08:04:01.588172288+00:00,2021-06-23 08:04:01.588172288+00:00,Q,EDGX,1.3,10,Arca,1.16,9,['R']
2021-06-23 08:21:14.187163904+00:00,2021-06-23 08:21:14.187163904+00:00,Q,EDGX,1.3,10,Arca,1.16,12,['R']
2021-06-23 08:21:18.366778624+00:00,2021-06-23 08:21:18.366778624+00:00,Q,EDGX,1.3,10,Arca,1.2,2,['R']
2021-06-23 08:21:20.106908416+00:00,2021-06-23 08:21:20.106908416+00:00,Q,EDGX,1.3,10,Arca,1.16,12,['R']
2021-06-23 08:24:15.348448256+00:00,2021-06-23 08:24:15.348448256+00:00,Q,EDGX,1.3,10,Arca,1.17,1,['R']
2021-06-23 08:26:47.457006336+00:00,2021-06-23 08:26:47.457006336+00:00,Q,EDGX,1.3,10,Arca,1.17,3,['R']
2021-06-23 08:38:55.785169664+00:00,2021-06-23 08:38:55.785169664+00:00,Q,EDGX,1.3,10,Arca,1.17,6,['R']
2021-06-23 08:52:55.417563648+00:00,2021-06-23 08:52:55.417563648+00:00,Q,EDGX,1.3,10,Arca,1.17,11,['R']
2021-06-23 09:47:48.542488576+00:00,2021-06-23 09:47:48.542488576+00:00,Q,EDGX,1.3,10,Arca,1.17,13,['R']
2021-06-23 09:47:49.456938752+00:00,2021-06-23 09:47:49.456938752+00:00,Q,EDGX,1.3,10,Arca,1.17,15,['R']
2021-06-23 10:54:24.480764928+00:00,2021-06-23 10:54:24.480764928+00:00,Q,EDGX,1.3,10,Arca,1.17,13,['R']
2021-06-23 10:54:24.480789760+00:00,2021-06-23 10:54:24.480789760+00:00,Q,EDGX,1.3,10,Arca,1.17,11,['R']
2021-06-23 10:54:24.480851200+00:00,2021-06-23 10:54:24.480851200+00:00,Q,EDGX,1.3,10,Arca,1.17,6,['R']
2021-06-23 10:54:24.483261440+00:00,2021-06-23 10:54:24.483261440+00:00,Q,EDGX,1.3,10,Arca,1.17,10,['R']
2021-06-23 11:00:00.000817+00:00,2021-06-23 11:00:00.000817+00:00,Q,EDGX,1.3,10,EDGX,1.21,1,['R']
2021-06-23 11:00:00.820268+00:00,2021-06-23 11:00:00.820268+00:00,Q,EDGX,1.26,5,EDGX,1.21,1,['R']
2021-06-23 11:14:01.290595+00:00,2021-06-23 11:14:01.290595+00:00,Q,EDGX,1.26,5,Arca,1.17,11,['R']
2021-06-23 11:18:23.384197888+00:00,2021-06-23 11:18:23.384197888+00:00,Q,EDGX,1.26,5,Arca,1.17,12,['R']
2021-06-23 11:23:02.540554+00:00,2021-06-23 11:23:02.540554+00:00,Q,EDGX,1.24,1,Arca,1.17,12,['R']
2021-06-23 11:32:38.878090+00:00,2021-06-23 11:32:38.878090+00:00,Q,EDGX,1.22,1,Arca,1.17,12,['R']
2021-06-23 11:59:37.304883+00:00,2021-06-23 11:59:37.304883+00:00,Q,EDGX,1.21,1,Arca,1.17,12,['R']
2021-06-23 12:04:05.204873728+00:00,2021-06-23 12:04:05.204873728+00:00,Q,Arca,1.21,2,Arca,1.17,12,['R']
2021-06-23 12:23:48.903300+00:00,2021-06-23 12:23:48.903300+00:00,Q,BATS,1.2,2,Arca,1.17,12,['R']
2021-06-23 12:27:20.926916+00:00,2021-06-23 12:27:20.926916+00:00,Q,BATS,1.2,2,EDGX,1.19,20,['R']
2021-06-23 13:04:00.833172+00:00,2021-06-23 13:04:00.833172+00:00,Q,Arca,1.21,2,EDGX,1.19,20,['R']
2021-06-23 13:20:50.956989184+00:00,2021-06-23 13:20:50.956989184+00:00,Q,EDGX,1.22,1,EDGX,1.19,20,['R']
2021-06-23 13:25:00.358536+00:00,2021-06-23 13:25:00.358536+00:00,Q,EDGX,1.22,1,EDGX,1.19,20,['R']
2021-06-23 13:27:52.964249+00:00,2021-06-23 13:27:52.964249+00:00,Q,EDGX,1.22,1,EDGX,1.19,20,['R']
2021-06-23 13:30:01.079665376+00:00,2021-06-23 13:30:01.079665376+00:00,Q,NASDAQ_FUTURES,1.21,1,EDGX,1.19,20,['R']
2021-06-23 13:30:01.331907774+00:00,2021-06-23 13:30:01.331907774+00:00,Q,NASDAQ_FUTURES,1.21,2,EDGX,1.19,20,['R']
2021-06-23 13:30:01.335667226+00:00,2021-06-23 13:30:01.335667226+00:00,Q,EDGX,1.21,1,EDGX,1.19,20,['R']
2021-06-23 13:30:01.361837+00:00,2021-06-23 13:30:01.361837+00:00,Q,NASDAQ_FUTURES,1.21,1,EDGX,1.19,20,['R']
2021-06-23 13:30:01.361908399+00:00,2021-06-23 13:30:01.361908399+00:00,Q,EDGX,1.22,1,EDGX,1.19,20,['R']
2021-06-23 13:30:01.388547811+00:00,2021-06-23 13:30:01.388547811+00:00,Q,EDGX,1.22,1,EDGX,1.19,20,['R']
2021-06-23 13:30:01.399010511+00:00,2021-06-23 13:30:01.399010511+00:00,Q,NASDAQ_FUTURES,1.21,1,EDGX,1.19,20,['R']
2021-06-23 13:30:01.399266541+00:00,2021-06-23 13:30:01.399266541+00:00,Q,EDGX,1.22,1,EDGX,1.19,20,['R']
2021-06-23 13:30:01.401071512+00:00,2021-06-23 13:30:01.401071512+00:00,Q,NASDAQ_FUTURES,1.21,1,EDGX,1.19,20,['R']
2021-06-23 13:30:01.401241547+00:00,2021-06-23 13:30:01.401241547+00:00,Q,EDGX,1.22,1,EDGX,1.19,20,['R']
2021-06-23 13:30:01.411450929+00:00,2021-06-23 13:30:01.411450929+00:00,Q,EDGX,1.22,1,EDGX,1.19,20,['R']
2021-06-23 13:30:01.444574120+00:00,2021-06-23 13:30:01.444574120+00:00,Q,NASDAQ_FUTURES,1.21,1,EDGX,1.19,20,['R']
2021-06-23 13:30:01.445619420+00:00,2021-06-23 13:30:01.445619420+00:00,Q,EDGX,1.22,1,EDGX,1.19,20,['R']
2021-06-23 13:30:01.446529018+00:00,2021-06-23 13:30:01.446529018+00:00,Q,NASDAQ_FUTURES,1.21,1,EDGX,1.19,20,['R']
2021-06-23 13:30:01.447503611+00:00,2021-06-23 13:30:01.447503611+00:00,Q,EDGX,1.22,1,EDGX,1.19,20,['R']
2021-06-23 13:30:01.448418688+00:00,2021-06-23 13:30:01.448418688+00:00,Q,NASDAQ_FUTURES,1.21,1,EDGX,1.19,20,['R']
2021-06-23 13:30:01.449616833+00:00,2021-06-23 13:30:01.449616833+00:00,Q,EDGX,1.22,1,EDGX,1.19,20,['R']
2021-06-23 13:30:02.018661962+00:00,2021-06-23 13:30:02.018661962+00:00,Q,NASDAQ_FUTURES,1.21,1,EDGX,1.19,20,['R']
2021-06-23 13:30:02.025678289+00:00,2021-06-23 13:30:02.025678289+00:00,Q,EDGX,1.22,1,EDGX,1.19,20,['R']
2021-06-23 13:30:02.054462275+00:00,2021-06-23 13:30:02.054462275+00:00,Q,NASDAQ_FUTURES,1.2,32,EDGX,1.19,20,['R']
2021-06-23 13:30:02.054608536+00:00,2021-06-23 13:30:02.054608536+00:00,Q,EDGX,1.22,1,EDGX,1.19,20,['R']
2021-06-23 13:30:03.404308627+00:00,2021-06-23 13:30:03.404308627+00:00,Q,NASDAQ_FUTURES,1.2,34,EDGX,1.19,20,['R']
2021-06-23 13:30:03.405636056+00:00,2021-06-23 13:30:03.405636056+00:00,Q,NASDAQ_FUTURES,1.2,32,EDGX,1.19,20,['R']
2021-06-23 13:30:03.407846760+00:00,2021-06-23 13:30:03.407846760+00:00,Q,NASDAQ_FUTURES,1.2,33,EDGX,1.19,20,['R']
2021-06-23 13:30:03.409106144+00:00,2021-06-23 13:30:03.409106144+00:00,Q,NASDAQ_FUTURES,1.2,32,EDGX,1.19,20,['R']
2021-06-23 13:30:03.415093215+00:00,2021-06-23 13:30:03.415093215+00:00,Q,NASDAQ_FUTURES,1.2,33,EDGX,1.19,20,['R']
2021-06-23 13:30:03.415106532+00:00,2021-06-23 13:30:03.415106532+00:00,Q,NASDAQ_FUTURES,1.2,34,EDGX,1.19,20,['R']
2021-06-23 13:30:08.468599+00:00,2021-06-23 13:30:08.468599+00:00,Q,NASDAQ_FUTURES,1.2,34,EDGX,1.19,21,['R']
2021-06-23 13:30:13.189266+00:00,2021-06-23 13:30:13.189266+00:00,Q,NASDAQ_FUTURES,1.2,35,Arca,1.19,17,['R']
2021-06-23 13:30:13.189448211+00:00,2021-06-23 13:30:13.189448211+00:00,Q,NASDAQ_FUTURES,1.2,35,EDGX,1.19,21,['R']
2021-06-23 13:30:13.189455104+00:00,2021-06-23 13:30:13.189455104+00:00,Q,NASDAQ_FUTURES,1.2,35,Arca,1.19,1,['R']
2021-06-23 13:30:13.189545728+00:00,2021-06-23 13:30:13.189545728+00:00,Q,NASDAQ_FUTURES,1.2,35,Arca,1.18,20,['R']
2021-06-23 13:30:13.195598022+00:00,2021-06-23 13:30:13.195598022+00:00,Q,NASDAQ_FUTURES,1.2,35,NASDAQ_FUTURES,1.19,16,['R']
2021-06-23 13:30:13.195620109+00:00,2021-06-23 13:30:13.195620109+00:00,Q,NASDAQ_FUTURES,1.2,34,NASDAQ_FUTURES,1.19,16,['R']
2021-06-23 13:30:13.204870441+00:00,2021-06-23 13:30:13.204870441+00:00,Q,NASDAQ_FUTURES,1.2,35,BATS,1.19,16,['R']
2021-06-23 13:30:15.830216235+00:00,2021-06-23 13:30:15.830216235+00:00,Q,NASDAQ_FUTURES,1.2,35,NASDAQ_FUTURES,1.19,17,['R']
2021-06-23 13:30:52.417540774+00:00,2021-06-23 13:30:52.417540774+00:00,Q,NASDAQ_FUTURES,1.2,35,Arca,1.19,16,['R']
2021-06-23 13:30:52.417573043+00:00,2021-06-23 13:30:52.417573043+00:00,Q,NASDAQ_FUTURES,1.2,36,Arca,1.19,16,['R']
2021-06-23 13:30:52.447572189+00:00,2021-06-23 13:30:52.447572189+00:00,Q,NASDAQ_FUTURES,1.2,35,Arca,1.19,16,['R']
2021-06-23 13:31:32.161070836+00:00,2021-06-23 13:31:32.161070836+00:00,Q,NASDAQ_FUTURES,1.2,34,Arca,1.19,16,['R']
2021-06-23 13:31:35.008426268+00:00,2021-06-23 13:31:35.008426268+00:00,Q,NASDAQ_FUTURES,1.2,35,Arca,1.19,16,['R']
2021-06-23 13:32:00.597469654+00:00,2021-06-23 13:32:00.597469654+00:00,Q,NASDAQ_FUTURES,1.2,38,Arca,1.19,16,['R']
2021-06-23 13:32:00.848251648+00:00,2021-06-23 13:32:00.848251648+00:00,Q,NASDAQ_FUTURES,1.2,38,BATS,1.19,16,['R']
2021-06-23 13:33:02.623940096+00:00,2021-06-23 13:33:02.623940096+00:00,Q,NASDAQ_FUTURES,1.2,38,Arca,1.19,17,['R']
2021-06-23 13:35:28.438892145+00:00,2021-06-23 13:35:28.438892145+00:00,Q,EDGX,1.2,24,Arca,1.19,17,['R']
2021-06-23 13:35:28.440195809+00:00,2021-06-23 13:35:28.440195809+00:00,Q,NASDAQ_FUTURES,1.2,27,Arca,1.19,17,['R']
2021-06-23 13:35:36.791404056+00:00,2021-06-23 13:35:36.791404056+00:00,Q,NASDAQ_FUTURES,1.2,28,Arca,1.19,17,['R']
2021-06-23 13:36:22.692109836+00:00,2021-06-23 13:36:22.692109836+00:00,Q,NASDAQ_FUTURES,1.2,27,Arca,1.19,17,['R']
2021-06-23 13:36:45.155589709+00:00,2021-06-23 13:36:45.155589709+00:00,Q,NASDAQ_FUTURES,1.2,28,Arca,1.19,17,['R']
2021-06-23 13:36:45.185588532+00:00,2021-06-23 13:36:45.185588532+00:00,Q,NASDAQ_FUTURES,1.2,27,Arca,1.19,17,['R']
2021-06-23 13:36:47.840719801+00:00,2021-06-23 13:36:47.840719801+00:00,Q,NASDAQ_FUTURES,1.2,28,Arca,1.19,17,['R']
2021-06-23 13:38:32.826813+00:00,2021-06-23 13:38:32.826813+00:00,Q,NASDAQ_FUTURES,1.2,25,Arca,1.19,17,['R']
2021-06-23 13:38:32.827004424+00:00,2021-06-23 13:38:32.827004424+00:00,Q,EDGX,1.2,26,Arca,1.19,17,['R']
2021-06-23 13:38:32.827038464+00:00,2021-06-23 13:38:32.827038464+00:00,Q,NASDAQ_FUTURES,1.2,25,Arca,1.19,20,['R']
2021-06-23 13:38:33.365546873+00:00,2021-06-23 13:38:33.365546873+00:00,Q,NASDAQ_FUTURES,1.2,24,Arca,1.19,20,['R']
2021-06-23 13:38:38.476082350+00:00,2021-06-23 13:38:38.476082350+00:00,Q,NASDAQ_FUTURES,1.2,25,Arca,1.19,20,['R']
2021-06-23 13:38:53.731893248+00:00,2021-06-23 13:38:53.731893248+00:00,Q,NASDAQ_FUTURES,1.2,28,Arca,1.19,17,['R']
2021-06-23 13:38:53.731962883+00:00,2021-06-23 13:38:53.731962883+00:00,Q,NASDAQ_FUTURES,1.2,28,Arca,1.19,20,['R']
2021-06-23 13:39:28.974068981+00:00,2021-06-23 13:39:28.974068981+00:00,Q,NASDAQ_FUTURES,1.2,27,Arca,1.19,17,['R']
2021-06-23 13:39:38.874204856+00:00,2021-06-23 13:39:38.874204856+00:00,Q,NASDAQ_FUTURES,1.2,28,Arca,1.19,17,['R']
2021-06-23 13:39:47.873114935+00:00,2021-06-23 13:39:47.873114935+00:00,Q,NASDAQ_FUTURES,1.2,27,Arca,1.19,17,['R']
2021-06-23 13:39:54.985268849+00:00,2021-06-23 13:39:54.985268849+00:00,Q,NASDAQ_FUTURES,1.2,28,Arca,1.19,17,['R']
2021-06-23 13:40:56.038565938+00:00,2021-06-23 13:40:56.038565938+00:00,Q,NASDAQ_FUTURES,1.2,27,Arca,1.19,17,['R']
2021-06-23 13:41:25.486179915+00:00,2021-06-23 13:41:25.486179915+00:00,Q,NASDAQ_FUTURES,1.2,28,Arca,1.19,17,['R']
2021-06-23 13:42:07.134247763+00:00,2021-06-23 13:42:07.134247763+00:00,Q,NASDAQ_FUTURES,1.2,29,Arca,1.19,17,['R']
2021-06-23 13:42:07.134274017+00:00,2021-06-23 13:42:07.134274017+00:00,Q,NASDAQ_FUTURES,1.2,30,Arca,1.19,17,['R']
2021-06-23 13:42:18.620232490+00:00,2021-06-23 13:42:18.620232490+00:00,Q,NASDAQ_FUTURES,1.2,29,Arca,1.19,17,['R']
2021-06-23 13:42:18.620246291+00:00,2021-06-23 13:42:18.620246291+00:00,Q,NASDAQ_FUTURES,1.2,28,Arca,1.19,17,['R']
2021-06-23 13:43:59.402929854+00:00,2021-06-23 13:43:59.402929854+00:00,Q,NASDAQ_FUTURES,1.2,25,Arca,1.19,17,['R']
2021-06-23 13:45:40.943278398+00:00,2021-06-23 13:45:40.943278398+00:00,Q,NASDAQ_FUTURES,1.2,24,Arca,1.19,17,['R']
2021-06-23 13:46:00.973695428+00:00,2021-06-23 13:46:00.973695428+00:00,Q,NASDAQ_FUTURES,1.2,25,Arca,1.19,17,['R']
2021-06-23 13:46:22.252045056+00:00,2021-06-23 13:46:22.252045056+00:00,Q,NASDAQ_FUTURES,1.2,24,Arca,1.19,17,['R']
2021-06-23 13:46:30.274734+00:00,2021-06-23 13:46:30.274734+00:00,Q,EDGX,1.2,164,Arca,1.19,17,['R']
2021-06-23 13:47:00.378504+00:00,2021-06-23 13:47:00.378504+00:00,Q,EDGX,1.2,167,Arca,1.19,17,['R']
2021-06-23 13:48:42.741961835+00:00,2021-06-23 13:48:42.741961835+00:00,Q,EDGX,1.2,167,NASDAQ_FUTURES,1.19,20,['R']
2021-06-23 13:48:42.742009+00:00,2021-06-23 13:48:42.742009+00:00,Q,EDGX,1.2,12,NASDAQ_FUTURES,1.19,20,['R']
2021-06-23 13:48:42.742009+00:00,2021-06-23 13:48:42.742009+00:00,Q,EDGX,1.2,160,NASDAQ_FUTURES,1.19,20,['R']
2021-06-23 13:48:42.742069+00:00,2021-06-23 13:48:42.742069+00:00,Q,EDGX,1.2,9,NASDAQ_FUTURES,1.19,21,['R']
2021-06-23 13:48:42.742120+00:00,2021-06-23 13:48:42.742120+00:00,Q,Arca,1.2,8,NASDAQ_FUTURES,1.19,22,['R']
2021-06-23 13:48:42.742176+00:00,2021-06-23 13:48:42.742176+00:00,Q,Arca,1.2,5,NASDAQ_FUTURES,1.19,22,['R']
2021-06-23 13:48:42.742222076+00:00,2021-06-23 13:48:42.742222076+00:00,Q,EDGX,1.2,12,NASDAQ_FUTURES,1.19,21,['R']
2021-06-23 13:48:42.742289324+00:00,2021-06-23 13:48:42.742289324+00:00,Q,EDGX,1.2,9,NASDAQ_FUTURES,1.19,22,['R']
2021-06-23 13:48:42.753885696+00:00,2021-06-23 13:48:42.753885696+00:00,Q,NASDAQ_FUTURES,1.2,1,NASDAQ_FUTURES,1.19,22,['R']
2021-06-23 13:48:42.753999918+00:00,2021-06-23 13:48:42.753999918+00:00,Q,Arca,1.2,1,NASDAQ_FUTURES,1.19,22,['R']
2021-06-23 13:48:42.754218+00:00,2021-06-23 13:48:42.754218+00:00,Q,EDGX,1.2,2,NASDAQ_FUTURES,1.19,21,['R']
2021-06-23 13:48:42.754369784+00:00,2021-06-23 13:48:42.754369784+00:00,Q,NASDAQ_FUTURES,1.2,1,NASDAQ_FUTURES,1.19,21,['R']
2021-06-23 13:48:42.754607+00:00,2021-06-23 13:48:42.754607+00:00,Q,IEX,1.2,1,NASDAQ_FUTURES,1.19,22,['R']
2021-06-23 13:48:42.754640671+00:00,2021-06-23 13:48:42.754640671+00:00,Q,EDGX,1.2,2,NASDAQ_FUTURES,1.19,22,['R']
2021-06-23 13:48:42.754669839+00:00,2021-06-23 13:48:42.754669839+00:00,Q,EDGX,1.2,2,NASDAQ_FUTURES,1.19,21,['R']
2021-06-23 13:48:42.754711681+00:00,2021-06-23 13:48:42.754711681+00:00,Q,EDGX,1.21,12,NASDAQ_FUTURES,1.19,22,['R']
2021-06-23 13:48:42.754775450+00:00,2021-06-23 13:48:42.754775450+00:00,Q,EDGX,1.2,2,NASDAQ_FUTURES,1.19,22,['R']
2021-06-23 13:48:42.755685175+00:00,2021-06-23 13:48:42.755685175+00:00,Q,EDGX,1.21,12,NASDAQ_FUTURES,1.2,10,['R']
2021-06-23 13:48:42.756366+00:00,2021-06-23 13:48:42.756366+00:00,Q,BATS,1.2,2,NASDAQ_FUTURES,1.19,21,['R']
2021-06-23 13:48:42.784774005+00:00,2021-06-23 13:48:42.784774005+00:00,Q,BATS,1.2,2,Arca,1.19,20,['R']
2021-06-23 13:49:02.724339+00:00,2021-06-23 13:49:02.724339+00:00,Q,EDGX,1.21,12,NASDAQ_FUTURES,1.19,22,['R']
2021-06-23 13:49:02.724435432+00:00,2021-06-23 13:49:02.724435432+00:00,Q,BATS,1.2,2,NASDAQ_FUTURES,1.19,21,['R']
2021-06-23 13:49:02.724507814+00:00,2021-06-23 13:49:02.724507814+00:00,Q,BATS,1.2,2,NASDAQ_FUTURES,1.19,22,['R']
2021-06-23 13:49:02.724741274+00:00,2021-06-23 13:49:02.724741274+00:00,Q,EDGX,1.21,12,NASDAQ_FUTURES,1.19,21,['R']
2021-06-23 13:49:02.725651231+00:00,2021-06-23 13:49:02.725651231+00:00,Q,EDGX,1.21,12,NASDAQ_FUTURES,1.19,21,['R']
2021-06-23 13:49:02.727509551+00:00,2021-06-23 13:49:02.727509551+00:00,Q,EDGX,1.21,12,NASDAQ_FUTURES,1.19,21,['R']
2021-06-23 13:49:02.754508248+00:00,2021-06-23 13:49:02.754508248+00:00,Q,EDGX,1.21,12,Arca,1.19,20,['R']
2021-06-23 13:49:16.440243455+00:00,2021-06-23 13:49:16.440243455+00:00,Q,NASDAQ_FUTURES,1.2,25,Arca,1.19,20,['R']
2021-06-23 13:49:28.491285449+00:00,2021-06-23 13:49:28.491285449+00:00,Q,EDGX,1.21,12,Arca,1.19,20,['R']
2021-06-23 13:49:28.491523+00:00,2021-06-23 13:49:28.491523+00:00,Q,EDGX,1.21,15,Arca,1.19,20,['R']
2021-06-23 13:49:28.492767+00:00,2021-06-23 13:49:28.492767+00:00,Q,EDGX,1.2,25,Arca,1.19,20,['R']
2021-06-23 13:50:34.841147+00:00,2021-06-23 13:50:34.841147+00:00,Q,EDGX,1.2,24,Arca,1.19,20,['R']
2021-06-23 13:50:37.639289+00:00,2021-06-23 13:50:37.639289+00:00,Q,EDGX,1.21,12,NASDAQ_FUTURES,1.19,24,['R']
2021-06-23 13:50:37.639300237+00:00,2021-06-23 13:50:37.639300237+00:00,Q,EDGX,1.21,15,NASDAQ_FUTURES,1.19,24,['R']
2021-06-23 13:50:37.639322+00:00,2021-06-23 13:50:37.639322+00:00,Q,EDGX,1.21,12,EDGX,1.2,3,['R']
2021-06-23 13:50:37.639327360+00:00,2021-06-23 13:50:37.639327360+00:00,Q,EDGX,1.2,24,NASDAQ_FUTURES,1.19,21,['R']
2021-06-23 13:50:37.639339013+00:00,2021-06-23 13:50:37.639339013+00:00,Q,EDGX,1.2,24,NASDAQ_FUTURES,1.19,22,['R']
2021-06-23 13:50:37.672669064+00:00,2021-06-23 13:50:37.672669064+00:00,Q,EDGX,1.21,12,NASDAQ_FUTURES,1.2,5,['R']
2021-06-23 13:50:41.276789+00:00,2021-06-23 13:50:41.276789+00:00,Q,EDGX,1.21,10,NASDAQ_FUTURES,1.2,6,['R']
2021-06-23 13:50:41.276789+00:00,2021-06-23 13:50:41.276789+00:00,Q,EDGX,1.21,4,NASDAQ_FUTURES,1.2,5,['R']
2021-06-23 13:50:41.276909+00:00,2021-06-23 13:50:41.276909+00:00,Q,NASDAQ_FUTURES,1.21,1,NASDAQ_FUTURES,1.2,5,['R']
2021-06-23 13:50:41.276960425+00:00,2021-06-23 13:50:41.276960425+00:00,Q,EDGX,1.21,12,NASDAQ_FUTURES,1.2,6,['R']
2021-06-23 13:50:41.276995057+00:00,2021-06-23 13:50:41.276995057+00:00,Q,EDGX,1.21,10,NASDAQ_FUTURES,1.2,5,['R']
2021-06-23 13:50:43.022343319+00:00,2021-06-23 13:50:43.022343319+00:00,Q,NASDAQ_FUTURES,1.21,1,NASDAQ_FUTURES,1.2,6,['R']
2021-06-23 13:50:48.942908448+00:00,2021-06-23 13:50:48.942908448+00:00,Q,NASDAQ_FUTURES,1.22,18,NASDAQ_FUTURES,1.2,6,['R']
2021-06-23 13:50:48.942939834+00:00,2021-06-23 13:50:48.942939834+00:00,Q,NASDAQ_FUTURES,1.22,18,NASDAQ_FUTURES,1.2,7,['R']
2021-06-23 13:50:48.942957770+00:00,2021-06-23 13:50:48.942957770+00:00,Q,NASDAQ_FUTURES,1.21,1,NASDAQ_FUTURES,1.2,7,['R']
2021-06-23 13:50:48.942978900+00:00,2021-06-23 13:50:48.942978900+00:00,Q,NASDAQ_FUTURES,1.21,1,NASDAQ_FUTURES,1.2,6,['R']
2021-06-23 13:51:00.420829687+00:00,2021-06-23 13:51:00.420829687+00:00,Q,NASDAQ_FUTURES,1.22,21,NASDAQ_FUTURES,1.2,6,['R']
2021-06-23 13:51:00.426643456+00:00,2021-06-23 13:51:00.426643456+00:00,Q,Arca,1.22,23,NASDAQ_FUTURES,1.2,6,['R']
2021-06-23 13:51:01.414603550+00:00,2021-06-23 13:51:01.414603550+00:00,Q,Arca,1.22,23,BATS,1.2,6,['R']
2021-06-23 13:51:01.423759+00:00,2021-06-23 13:51:01.423759+00:00,Q,NASDAQ_FUTURES,1.21,2,NASDAQ_FUTURES,1.2,6,['R']
2021-06-23 13:51:01.423916+00:00,2021-06-23 13:51:01.423916+00:00,Q,EDGX,1.21,6,Arca,1.2,5,['R']
2021-06-23 13:51:01.423928320+00:00,2021-06-23 13:51:01.423928320+00:00,Q,EDGX,1.21,6,Arca,1.19,19,['R']
2021-06-23 13:51:01.423930815+00:00,2021-06-23 13:51:01.423930815+00:00,Q,NASDAQ_FUTURES,1.21,1,BATS,1.2,6,['R']
2021-06-23 13:51:01.423937250+00:00,2021-06-23 13:51:01.423937250+00:00,Q,NASDAQ_FUTURES,1.21,2,BATS,1.2,6,['R']
2021-06-23 13:51:01.423969404+00:00,2021-06-23 13:51:01.423969404+00:00,Q,NASDAQ_FUTURES,1.21,2,Arca,1.2,5,['R']
2021-06-23 13:51:01.423977257+00:00,2021-06-23 13:51:01.423977257+00:00,Q,NASDAQ_FUTURES,1.21,5,Arca,1.2,5,['R']
2021-06-23 13:51:01.424984924+00:00,2021-06-23 13:51:01.424984924+00:00,Q,NASDAQ_FUTURES,1.2,12,Arca,1.19,19,['R']
2021-06-23 13:51:01.430000962+00:00,2021-06-23 13:51:01.430000962+00:00,Q,NASDAQ_FUTURES,1.2,12,NASDAQ_FUTURES,1.19,20,['R']
2021-06-23 13:51:02.316624074+00:00,2021-06-23 13:51:02.316624074+00:00,Q,NASDAQ_FUTURES,1.2,12,Arca,1.19,19,['R']
2021-06-23 13:51:19.046990755+00:00,2021-06-23 13:51:19.046990755+00:00,Q,NASDAQ_FUTURES,1.2,11,Arca,1.19,19,['R']
2021-06-23 13:51:19.047013533+00:00,2021-06-23 13:51:19.047013533+00:00,Q,EDGX,1.21,3,Arca,1.19,19,['R']
2021-06-23 13:51:21.093563212+00:00,2021-06-23 13:51:21.093563212+00:00,Q,NASDAQ_FUTURES,1.21,4,Arca,1.19,19,['R']
2021-06-23 13:51:30.290774735+00:00,2021-06-23 13:51:30.290774735+00:00,Q,NASDAQ_FUTURES,1.21,24,Arca,1.19,19,['R']
2021-06-23 13:51:58.499861978+00:00,2021-06-23 13:51:58.499861978+00:00,Q,EDGX,1.21,9,Arca,1.19,19,['R']
2021-06-23 13:51:58.501108923+00:00,2021-06-23 13:51:58.501108923+00:00,Q,NASDAQ_FUTURES,1.21,11,Arca,1.19,19,['R']
2021-06-23 13:51:58.501308+00:00,2021-06-23 13:51:58.501308+00:00,Q,EDGX,1.21,16,Arca,1.19,19,['R']
2021-06-23 13:52:19.574913024+00:00,2021-06-23 13:52:19.574913024+00:00,Q,NASDAQ_FUTURES,1.2,4,NASDAQ_FUTURES,1.19,15,['R']
2021-06-23 13:52:19.575262594+00:00,2021-06-23 13:52:19.575262594+00:00,Q,NASDAQ_FUTURES,1.2,1,Arca,1.19,19,['R']
2021-06-23 13:52:19.575269357+00:00,2021-06-23 13:52:19.575269357+00:00,Q,NASDAQ_FUTURES,1.2,4,Arca,1.19,19,['R']
2021-06-23 13:52:26.844220106+00:00,2021-06-23 13:52:26.844220106+00:00,Q,NASDAQ_FUTURES,1.2,5,NASDAQ_FUTURES,1.19,15,['R']
2021-06-23 13:52:54.007643937+00:00,2021-06-23 13:52:54.007643937+00:00,Q,NASDAQ_FUTURES,1.2,9,NASDAQ_FUTURES,1.19,15,['R']
2021-06-23 13:53:07.230129687+00:00,2021-06-23 13:53:07.230129687+00:00,Q,NASDAQ_FUTURES,1.2,34,NASDAQ_FUTURES,1.19,15,['R']
2021-06-23 13:53:12.432856191+00:00,2021-06-23 13:53:12.432856191+00:00,Q,NASDAQ_FUTURES,1.2,34,NASDAQ_FUTURES,1.19,16,['R']
2021-06-23 13:53:28.504996433+00:00,2021-06-23 13:53:28.504996433+00:00,Q,NASDAQ_FUTURES,1.2,9,NASDAQ_FUTURES,1.19,16,['R']
2021-06-23 13:53:28.506246325+00:00,2021-06-23 13:53:28.506246325+00:00,Q,NASDAQ_FUTURES,1.2,17,NASDAQ_FUTURES,1.19,16,['R']
2021-06-23 13:53:28.506277375+00:00,2021-06-23 13:53:28.506277375+00:00,Q,NASDAQ_FUTURES,1.2,21,NASDAQ_FUTURES,1.19,16,['R']
2021-06-23 13:53:31.348597049+00:00,2021-06-23 13:53:31.348597049+00:00,Q,NASDAQ_FUTURES,1.2,21,NASDAQ_FUTURES,1.19,13,['R']
2021-06-23 13:53:31.447999623+00:00,2021-06-23 13:53:31.447999623+00:00,Q,NASDAQ_FUTURES,1.2,21,NASDAQ_FUTURES,1.19,11,['R']
2021-06-23 13:53:31.447999623+00:00,2021-06-23 13:53:31.447999623+00:00,Q,NASDAQ_FUTURES,1.2,21,NASDAQ_FUTURES,1.19,10,['R']
2021-06-23 13:53:31.847712258+00:00,2021-06-23 13:53:31.847712258+00:00,Q,NASDAQ_FUTURES,1.2,21,NASDAQ_FUTURES,1.19,7,['R']
2021-06-23 13:54:08.944145932+00:00,2021-06-23 13:54:08.944145932+00:00,Q,NASDAQ_FUTURES,1.2,21,NASDAQ_FUTURES,1.19,9,['R']
2021-06-23 13:54:28.508425388+00:00,2021-06-23 13:54:28.508425388+00:00,Q,NASDAQ_FUTURES,1.2,21,NASDAQ_FUTURES,1.19,7,['R']
2021-06-23 13:54:58.899497515+00:00,2021-06-23 13:54:58.899497515+00:00,Q,NASDAQ_FUTURES,1.2,21,NASDAQ_FUTURES,1.19,8,['R']
2021-06-23 13:55:01.334421+00:00,2021-06-23 13:55:01.334421+00:00,Q,NASDAQ_FUTURES,1.2,23,NYSE,1.19,2,['R']
2021-06-23 13:55:01.334496075+00:00,2021-06-23 13:55:01.334496075+00:00,Q,NASDAQ_FUTURES,1.2,21,BATS,1.19,6,['R']
2021-06-23 13:55:01.334530946+00:00,2021-06-23 13:55:01.334530946+00:00,Q,NASDAQ_FUTURES,1.2,22,BATS,1.19,6,['R']
2021-06-23 13:55:01.334548480+00:00,2021-06-23 13:55:01.334548480+00:00,Q,NASDAQ_FUTURES,1.2,24,NYSE,1.19,1,['R']
2021-06-23 13:55:01.334568986+00:00,2021-06-23 13:55:01.334568986+00:00,Q,NASDAQ_FUTURES,1.2,21,BATS,1.19,6,['R']
2021-06-23 13:55:01.334593126+00:00,2021-06-23 13:55:01.334593126+00:00,Q,NASDAQ_FUTURES,1.2,22,BATS,1.19,6,['R']
2021-06-23 13:55:01.334594194+00:00,2021-06-23 13:55:01.334594194+00:00,Q,NASDAQ_FUTURES,1.2,23,BATS,1.19,6,['R']
2021-06-23 13:55:01.334649293+00:00,2021-06-23 13:55:01.334649293+00:00,Q,NASDAQ_FUTURES,1.2,24,NYSE,1.19,2,['R']
2021-06-23 13:55:01.336350268+00:00,2021-06-23 13:55:01.336350268+00:00,Q,NASDAQ_FUTURES,1.2,24,NASDAQ_FUTURES,1.19,13,['R']
2021-06-23 13:55:01.336371925+00:00,2021-06-23 13:55:01.336371925+00:00,Q,NASDAQ_FUTURES,1.2,23,NASDAQ_FUTURES,1.19,13,['R']
2021-06-23 13:55:01.336409603+00:00,2021-06-23 13:55:01.336409603+00:00,Q,NASDAQ_FUTURES,1.2,22,NASDAQ_FUTURES,1.19,13,['R']
2021-06-23 13:55:01.336445529+00:00,2021-06-23 13:55:01.336445529+00:00,Q,NASDAQ_FUTURES,1.2,21,NASDAQ_FUTURES,1.19,13,['R']
2021-06-23 13:55:01.340906772+00:00,2021-06-23 13:55:01.340906772+00:00,Q,NASDAQ_FUTURES,1.2,21,NASDAQ_FUTURES,1.19,14,['R']
2021-06-23 13:55:02.017742084+00:00,2021-06-23 13:55:02.017742084+00:00,Q,NASDAQ_FUTURES,1.2,21,BATS,1.19,13,['R']
2021-06-23 13:55:18.317677471+00:00,2021-06-23 13:55:18.317677471+00:00,Q,NASDAQ_FUTURES,1.2,21,NASDAQ_FUTURES,1.19,15,['R']
2021-06-23 13:55:28.512122167+00:00,2021-06-23 13:55:28.512122167+00:00,Q,NASDAQ_FUTURES,1.2,21,BATS,1.19,13,['R']
2021-06-23 13:55:28.513446238+00:00,2021-06-23 13:55:28.513446238+00:00,Q,NASDAQ_FUTURES,1.2,21,NASDAQ_FUTURES,1.19,14,['R']
2021-06-23 13:55:32.334575048+00:00,2021-06-23 13:55:32.334575048+00:00,Q,NASDAQ_FUTURES,1.2,21,BATS,1.19,13,['R']
2021-06-23 13:55:32.334636795+00:00,2021-06-23 13:55:32.334636795+00:00,Q,NASDAQ_FUTURES,1.2,13,BATS,1.19,13,['R']
2021-06-23 13:55:32.334649375+00:00,2021-06-23 13:55:32.334649375+00:00,Q,NASDAQ_FUTURES,1.2,9,BATS,1.19,13,['R']
2021-06-23 13:55:45.197878328+00:00,2021-06-23 13:55:45.197878328+00:00,Q,NASDAQ_FUTURES,1.2,11,BATS,1.19,13,['R']
2021-06-23 13:56:15.688437795+00:00,2021-06-23 13:56:15.688437795+00:00,Q,NASDAQ_FUTURES,1.2,36,BATS,1.19,13,['R']
2021-06-23 13:56:15.691345398+00:00,2021-06-23 13:56:15.691345398+00:00,Q,NASDAQ_FUTURES,1.2,36,NASDAQ_FUTURES,1.19,15,['R']
2021-06-23 13:58:12.505383980+00:00,2021-06-23 13:58:12.505383980+00:00,Q,NASDAQ_FUTURES,1.2,36,NASDAQ_FUTURES,1.19,16,['R']
2021-06-23 13:59:30.107113002+00:00,2021-06-23 13:59:30.107113002+00:00,Q,NASDAQ_FUTURES,1.2,36,NASDAQ_FUTURES,1.19,15,['R']
2021-06-23 13:59:51.176976+00:00,2021-06-23 13:59:51.176976+00:00,Q,NASDAQ_FUTURES,1.2,35,NASDAQ_FUTURES,1.19,15,['R']
2021-06-23 14:00:13.859539255+00:00,2021-06-23 14:00:13.859539255+00:00,Q,NASDAQ_FUTURES,1.2,35,NASDAQ_FUTURES,1.19,18,['R']
2021-06-23 14:00:13.860251138+00:00,2021-06-23 14:00:13.860251138+00:00,Q,NASDAQ_FUTURES,1.2,32,NASDAQ_FUTURES,1.19,18,['R']
2021-06-23 14:00:30.892940503+00:00,2021-06-23 14:00:30.892940503+00:00,Q,NASDAQ_FUTURES,1.2,32,NASDAQ_FUTURES,1.19,19,['R']
2021-06-23 14:00:58.414314827+00:00,2021-06-23 14:00:58.414314827+00:00,Q,NASDAQ_FUTURES,1.2,32,NASDAQ_FUTURES,1.19,26,['R']
2021-06-23 14:01:37.823616+00:00,2021-06-23 14:01:37.823616+00:00,Q,EDGX,1.2,47,NASDAQ_FUTURES,1.19,26,['R']
2021-06-23 14:01:42.231966+00:00,2021-06-23 14:01:42.231966+00:00,Q,EDGX,1.2,276,NASDAQ_FUTURES,1.19,26,['R']
2021-06-23 14:02:41.973329561+00:00,2021-06-23 14:02:41.973329561+00:00,Q,EDGX,1.2,276,NASDAQ_FUTURES,1.19,19,['R']
2021-06-23 14:03:04.708028+00:00,2021-06-23 14:03:04.708028+00:00,Q,EDGX,1.2,48,NASDAQ_FUTURES,1.19,19,['R']
2021-06-23 14:03:16.846253958+00:00,2021-06-23 14:03:16.846253958+00:00,Q,EDGX,1.2,48,Arca,1.19,17,['R']
2021-06-23 14:03:16.846275584+00:00,2021-06-23 14:03:16.846275584+00:00,Q,NASDAQ_FUTURES,1.2,52,NYSE,1.19,1,['R']
2021-06-23 14:03:16.846327341+00:00,2021-06-23 14:03:16.846327341+00:00,Q,NASDAQ_FUTURES,1.2,51,Arca,1.19,17,['R']
2021-06-23 14:03:16.846403969+00:00,2021-06-23 14:03:16.846403969+00:00,Q,NASDAQ_FUTURES,1.2,52,Arca,1.19,17,['R']
2021-06-23 14:03:16.846467584+00:00,2021-06-23 14:03:16.846467584+00:00,Q,NASDAQ_FUTURES,1.2,52,NASDAQ_FUTURES,1.18,35,['R']
2021-06-23 14:03:16.846960572+00:00,2021-06-23 14:03:16.846960572+00:00,Q,EDGX,1.2,52,NASDAQ_FUTURES,1.18,35,['R']
2021-06-23 14:03:16.852396+00:00,2021-06-23 14:03:16.852396+00:00,Q,NASDAQ_FUTURES,1.19,4,EDGX,1.18,1,['R']
2021-06-23 14:03:16.852396+00:00,2021-06-23 14:03:16.852396+00:00,Q,NASDAQ_FUTURES,1.19,4,EDGA,1.18,1,['R']
2021-06-23 14:03:16.852489041+00:00,2021-06-23 14:03:16.852489041+00:00,Q,EDGX,1.2,52,EDGX,1.18,21,['R']
2021-06-23 14:03:16.852539741+00:00,2021-06-23 14:03:16.852539741+00:00,Q,NASDAQ_FUTURES,1.19,4,NASDAQ_FUTURES,1.17,230,['R']
2021-06-23 14:03:16.852553550+00:00,2021-06-23 14:03:16.852553550+00:00,Q,NASDAQ_FUTURES,1.19,3,EDGX,1.18,21,['R']
2021-06-23 14:03:16.852583108+00:00,2021-06-23 14:03:16.852583108+00:00,Q,NASDAQ_FUTURES,1.19,4,EDGX,1.18,21,['R']
2021-06-23 14:03:16.853180928+00:00,2021-06-23 14:03:16.853180928+00:00,Q,Arca,1.19,5,NASDAQ_FUTURES,1.17,230,['R']
2021-06-23 14:03:16.853276040+00:00,2021-06-23 14:03:16.853276040+00:00,Q,EDGX,1.19,4,NASDAQ_FUTURES,1.17,230,['R']
2021-06-23 14:03:16.860360+00:00,2021-06-23 14:03:16.860360+00:00,Q,BATS,1.18,1,NASDAQ_FUTURES,1.17,182,['R']
2021-06-23 14:03:16.860422905+00:00,2021-06-23 14:03:16.860422905+00:00,Q,Arca,1.19,5,NASDAQ_FUTURES,1.17,182,['R']
2021-06-23 14:03:16.861091+00:00,2021-06-23 14:03:16.861091+00:00,Q,NASDAQ_FUTURES,1.18,1,NASDAQ_FUTURES,1.17,182,['R']
2021-06-23 14:03:16.861196231+00:00,2021-06-23 14:03:16.861196231+00:00,Q,EDGX,1.19,4,NASDAQ_FUTURES,1.17,185,['R']
2021-06-23 14:03:16.861667+00:00,2021-06-23 14:03:16.861667+00:00,Q,NASDAQ_FUTURES,1.19,4,NASDAQ_FUTURES,1.17,185,['R']
2021-06-23 14:03:16.862313978+00:00,2021-06-23 14:03:16.862313978+00:00,Q,NASDAQ_FUTURES,1.19,4,NASDAQ_FUTURES,1.17,174,['R']
2021-06-23 14:03:33.040677+00:00,2021-06-23 14:03:33.040677+00:00,Q,Arca,1.19,3,NASDAQ_FUTURES,1.17,174,['R']
2021-06-23 14:03:33.040869696+00:00,2021-06-23 14:03:33.040869696+00:00,Q,EDGX,1.19,3,NASDAQ_FUTURES,1.17,174,['R']
2021-06-23 14:03:33.040884992+00:00,2021-06-23 14:03:33.040884992+00:00,Q,NASDAQ_FUTURES,1.19,1,BATS,1.18,6,['R']
2021-06-23 14:03:33.040924+00:00,2021-06-23 14:03:33.040924+00:00,Q,Arca,1.19,3,BATS,1.18,6,['R']
2021-06-23 14:03:33.040954083+00:00,2021-06-23 14:03:33.040954083+00:00,Q,Arca,1.19,3,NASDAQ_FUTURES,1.18,3,['R']
2021-06-23 14:03:33.040998277+00:00,2021-06-23 14:03:33.040998277+00:00,Q,Arca,1.19,3,NASDAQ_FUTURES,1.18,4,['R']
2021-06-23 14:03:33.042887544+00:00,2021-06-23 14:03:33.042887544+00:00,Q,EDGX,1.2,53,BATS,1.18,6,['R']
2021-06-23 14:03:34.507289187+00:00,2021-06-23 14:03:34.507289187+00:00,Q,EDGX,1.2,53,NASDAQ_FUTURES,1.19,2,['R']
2021-06-23 14:04:05.861768024+00:00,2021-06-23 14:04:05.861768024+00:00,Q,EDGX,1.2,53,NASDAQ_FUTURES,1.19,12,['R']
2021-06-23 14:06:58.300444672+00:00,2021-06-23 14:06:58.300444672+00:00,Q,EDGX,1.2,54,BATS,1.18,8,['R']
2021-06-23 14:06:58.300467+00:00,2021-06-23 14:06:58.300467+00:00,Q,EDGX,1.2,54,Arca,1.19,10,['R']
2021-06-23 14:06:58.300479085+00:00,2021-06-23 14:06:58.300479085+00:00,Q,EDGX,1.2,53,Arca,1.19,10,['R']
2021-06-23 14:06:58.300479085+00:00,2021-06-23 14:06:58.300479085+00:00,Q,EDGX,1.2,53,NASDAQ_FUTURES,1.19,10,['R']
2021-06-23 14:06:58.300648+00:00,2021-06-23 14:06:58.300648+00:00,Q,EDGX,1.2,54,BATS,1.18,5,['R']
2021-06-23 14:06:58.300659+00:00,2021-06-23 14:06:58.300659+00:00,Q,BATS,1.19,3,BATS,1.18,5,['R']
2021-06-23 14:06:58.301150+00:00,2021-06-23 14:06:58.301150+00:00,Q,BATS,1.19,3,BATS,1.18,3,['R']
2021-06-23 14:06:58.301547+00:00,2021-06-23 14:06:58.301547+00:00,Q,BATS,1.19,2,BATS,1.18,3,['R']
2021-06-23 14:06:58.301645+00:00,2021-06-23 14:06:58.301645+00:00,Q,EDGX,1.2,53,BATS,1.18,3,['R']
2021-06-23 14:06:58.301894+00:00,2021-06-23 14:06:58.301894+00:00,Q,EDGX,1.2,54,BATS,1.18,3,['R']
2021-06-23 14:06:58.301909+00:00,2021-06-23 14:06:58.301909+00:00,Q,EDGX,1.2,53,BATS,1.18,3,['R']
2021-06-23 14:06:58.302551+00:00,2021-06-23 14:06:58.302551+00:00,Q,EDGX,1.2,53,NASDAQ_FUTURES,1.17,185,['R']
2021-06-23 14:06:58.302885619+00:00,2021-06-23 14:06:58.302885619+00:00,Q,EDGX,1.2,53,NASDAQ_FUTURES,1.17,186,['R']
2021-06-23 14:06:58.302908928+00:00,2021-06-23 14:06:58.302908928+00:00,Q,EDGX,1.2,53,NASDAQ_FUTURES,1.17,188,['R']
2021-06-23 14:06:58.302951006+00:00,2021-06-23 14:06:58.302951006+00:00,Q,EDGX,1.2,53,NASDAQ_FUTURES,1.17,191,['R']
2021-06-23 14:06:58.303018073+00:00,2021-06-23 14:06:58.303018073+00:00,Q,EDGX,1.2,53,NASDAQ_FUTURES,1.17,193,['R']
2021-06-23 14:06:58.305180093+00:00,2021-06-23 14:06:58.305180093+00:00,Q,EDGX,1.2,53,NASDAQ_FUTURES,1.18,3,['R']
2021-06-23 14:06:58.403099904+00:00,2021-06-23 14:06:58.403099904+00:00,Q,EDGX,1.2,53,Arca,1.18,4,['R']
2021-06-23 14:06:58.474913200+00:00,2021-06-23 14:06:58.474913200+00:00,Q,EDGX,1.2,53,NASDAQ_FUTURES,1.18,5,['R']
2021-06-23 14:07:07.492489965+00:00,2021-06-23 14:07:07.492489965+00:00,Q,EDGX,1.2,53,Arca,1.18,4,['R']
2021-06-23 14:07:07.492935168+00:00,2021-06-23 14:07:07.492935168+00:00,Q,EDGX,1.2,53,BATS,1.18,4,['R']
2021-06-23 14:07:20.211135+00:00,2021-06-23 14:07:20.211135+00:00,Q,EDGX,1.2,53,Arca,1.18,4,['R']
2021-06-23 14:09:13.073195+00:00,2021-06-23 14:09:13.073195+00:00,Q,EDGX,1.19,25,Arca,1.18,4,['R']
2021-06-23 14:10:17.710267772+00:00,2021-06-23 14:10:17.710267772+00:00,Q,EDGX,1.19,25,NASDAQ_FUTURES,1.18,7,['R']
2021-06-23 14:10:17.710422+00:00,2021-06-23 14:10:17.710422+00:00,Q,EDGX,1.19,25,EDGX,1.18,9,['R']
2021-06-23 14:10:27.572771+00:00,2021-06-23 14:10:27.572771+00:00,Q,EDGX,1.19,25,EDGX,1.18,8,['R']
2021-06-23 14:10:43.399416+00:00,2021-06-23 14:10:43.399416+00:00,Q,EDGX,1.19,25,BATS,1.18,5,['R']
2021-06-23 14:10:43.401574+00:00,2021-06-23 14:10:43.401574+00:00,Q,EDGX,1.19,15,BATS,1.18,5,['R']
2021-06-23 14:10:57.721249+00:00,2021-06-23 14:10:57.721249+00:00,Q,EDGX,1.19,30,BATS,1.18,5,['R']
2021-06-23 14:12:21.420044+00:00,2021-06-23 14:12:21.420044+00:00,Q,EDGX,1.19,29,BATS,1.18,5,['R']
2021-06-23 14:14:59.045463+00:00,2021-06-23 14:14:59.045463+00:00,Q,EDGX,1.19,29,Arca,1.18,5,['R']
2021-06-23 14:14:59.045642240+00:00,2021-06-23 14:14:59.045642240+00:00,Q,EDGX,1.19,29,EDGX,1.18,4,['R']
2021-06-23 14:14:59.045847+00:00,2021-06-23 14:14:59.045847+00:00,Q,EDGX,1.19,29,BATS,1.18,2,['R']
2021-06-23 14:16:33.051509+00:00,2021-06-23 14:16:33.051509+00:00,Q,EDGX,1.19,29,NASDAQ_FUTURES,1.18,2,['R']
2021-06-23 14:17:50.581320+00:00,2021-06-23 14:17:50.581320+00:00,Q,EDGX,1.19,29,EDGX,1.18,51,['R']
2021-06-23 14:18:35.304679+00:00,2021-06-23 14:18:35.304679+00:00,Q,EDGX,1.19,29,EDGX,1.18,61,['R']
2021-06-23 14:18:45.717875+00:00,2021-06-23 14:18:45.717875+00:00,Q,EDGX,1.19,29,EDGX,1.18,11,['R']
2021-06-23 14:22:09.830724+00:00,2021-06-23 14:22:09.830724+00:00,Q,EDGX,1.19,32,EDGX,1.18,11,['R']
2021-06-23 14:24:32.689427+00:00,2021-06-23 14:24:32.689427+00:00,Q,EDGX,1.19,18,EDGX,1.18,11,['R']
2021-06-23 14:24:42.841792+00:00,2021-06-23 14:24:42.841792+00:00,Q,EDGX,1.19,18,EDGX,1.18,13,['R']
2021-06-23 14:25:59.083017+00:00,2021-06-23 14:25:59.083017+00:00,Q,EDGX,1.19,18,EDGX,1.18,3,['R']
2021-06-23 14:27:29.055535+00:00,2021-06-23 14:27:29.055535+00:00,Q,EDGX,1.19,19,EDGX,1.18,3,['R']
2021-06-23 14:27:59.467440+00:00,2021-06-23 14:27:59.467440+00:00,Q,EDGX,1.19,19,EDGX,1.18,3,['R']
2021-06-23 14:28:22.234244+00:00,2021-06-23 14:28:22.234244+00:00,Q,EDGX,1.19,18,EDGX,1.18,3,['R']
2021-06-23 14:35:45.382017+00:00,2021-06-23 14:35:45.382017+00:00,Q,EDGX,1.19,18,EDGX,1.18,3,['R']
2021-06-23 14:35:45.457951+00:00,2021-06-23 14:35:45.457951+00:00,Q,EDGX,1.19,18,EDGX,1.18,3,['R']
2021-06-23 14:35:50.370702+00:00,2021-06-23 14:35:50.370702+00:00,Q,EDGX,1.19,18,EDGX,1.18,3,['R']
2021-06-23 14:35:51.407510+00:00,2021-06-23 14:35:51.407510+00:00,Q,EDGX,1.19,18,EDGX,1.18,3,['R']
2021-06-23 14:35:52.419807+00:00,2021-06-23 14:35:52.419807+00:00,Q,EDGX,1.19,18,EDGX,1.18,3,['R']
2021-06-23 14:35:53.312323+00:00,2021-06-23 14:35:53.312323+00:00,Q,EDGX,1.19,18,EDGX,1.18,3,['R']
2021-06-23 14:35:56.228956+00:00,2021-06-23 14:35:56.228956+00:00,Q,EDGX,1.19,18,EDGX,1.18,3,['R']
2021-06-23 14:35:56.818309+00:00,2021-06-23 14:35:56.818309+00:00,Q,EDGX,1.19,18,EDGX,1.18,3,['R']
2021-06-23 14:36:00.723434+00:00,2021-06-23 14:36:00.723434+00:00,Q,EDGX,1.19,18,EDGX,1.18,3,['R']
2021-06-23 14:36:01.537729+00:00,2021-06-23 14:36:01.537729+00:00,Q,EDGX,1.19,18,EDGX,1.18,3,['R']
2021-06-23 14:36:02.811812+00:00,2021-06-23 14:36:02.811812+00:00,Q,EDGX,1.19,18,EDGX,1.18,3,['R']
2021-06-23 14:36:03.473705+00:00,2021-06-23 14:36:03.473705+00:00,Q,EDGX,1.19,18,EDGX,1.18,3,['R']
2021-06-23 14:36:07.878352+00:00,2021-06-23 14:36:07.878352+00:00,Q,EDGX,1.19,18,EDGX,1.18,3,['R']
2021-06-23 14:36:08.495102+00:00,2021-06-23 14:36:08.495102+00:00,Q,EDGX,1.19,18,EDGX,1.18,3,['R']
2021-06-23 14:36:10.615888378+00:00,2021-06-23 14:36:10.615888378+00:00,Q,EDGX,1.19,18,NASDAQ_FUTURES,1.18,4,['R']
2021-06-23 14:37:24.486338+00:00,2021-06-23 14:37:24.486338+00:00,Q,EDGX,1.19,68,NASDAQ_FUTURES,1.18,4,['R']
2021-06-23 14:38:24.115537+00:00,2021-06-23 14:38:24.115537+00:00,Q,EDGX,1.19,68,Arca,1.18,2,['R']
2021-06-23 14:38:24.115617642+00:00,2021-06-23 14:38:24.115617642+00:00,Q,EDGX,1.19,68,EDGX,1.18,3,['R']
2021-06-23 14:38:24.115617642+00:00,2021-06-23 14:38:24.115617642+00:00,Q,EDGX,1.19,68,NASDAQ_FUTURES,1.18,3,['R']
2021-06-23 14:38:24.115645440+00:00,2021-06-23 14:38:24.115645440+00:00,Q,EDGX,1.19,70,AMEX,1.18,1,['R']
2021-06-23 14:38:24.115663+00:00,2021-06-23 14:38:24.115663+00:00,Q,EDGX,1.19,70,Arca,1.18,2,['R']
2021-06-23 14:38:24.115666944+00:00,2021-06-23 14:38:24.115666944+00:00,Q,EDGX,1.19,70,NASDAQ_FUTURES,1.18,1,['R']
2021-06-23 14:38:24.120782786+00:00,2021-06-23 14:38:24.120782786+00:00,Q,EDGX,1.19,70,NASDAQ_FUTURES,1.17,174,['R']
2021-06-23 14:38:24.120832312+00:00,2021-06-23 14:38:24.120832312+00:00,Q,EDGX,1.19,70,NASDAQ_FUTURES,1.18,2,['R']
2021-06-23 14:38:24.122779967+00:00,2021-06-23 14:38:24.122779967+00:00,Q,EDGX,1.19,70,Arca,1.18,1,['R']
2021-06-23 14:38:24.122803200+00:00,2021-06-23 14:38:24.122803200+00:00,Q,EDGX,1.19,70,NASDAQ_FUTURES,1.17,174,['R']
2021-06-23 14:38:24.145652+00:00,2021-06-23 14:38:24.145652+00:00,Q,EDGX,1.19,68,NASDAQ_FUTURES,1.17,174,['R']
2021-06-23 14:38:29.770715088+00:00,2021-06-23 14:38:29.770715088+00:00,Q,EDGX,1.19,68,NASDAQ_FUTURES,1.17,175,['R']
2021-06-23 14:39:06.006304062+00:00,2021-06-23 14:39:06.006304062+00:00,Q,NASDAQ_FUTURES,1.18,2,NASDAQ_FUTURES,1.17,175,['R']
2021-06-23 14:39:09.129198992+00:00,2021-06-23 14:39:09.129198992+00:00,Q,NASDAQ_FUTURES,1.18,3,NASDAQ_FUTURES,1.17,175,['R']
2021-06-23 14:39:20.104484854+00:00,2021-06-23 14:39:20.104484854+00:00,Q,NASDAQ_FUTURES,1.18,2,NASDAQ_FUTURES,1.17,175,['R']
2021-06-23 14:39:52.239786811+00:00,2021-06-23 14:39:52.239786811+00:00,Q,NASDAQ_FUTURES,1.18,3,NASDAQ_FUTURES,1.17,175,['R']
2021-06-23 14:40:10.109748440+00:00,2021-06-23 14:40:10.109748440+00:00,Q,NASDAQ_FUTURES,1.18,1,NASDAQ_FUTURES,1.17,175,['R']
2021-06-23 14:40:10.109748440+00:00,2021-06-23 14:40:10.109748440+00:00,Q,EDGX,1.19,68,NASDAQ_FUTURES,1.17,175,['R']
2021-06-23 14:40:10.109757462+00:00,2021-06-23 14:40:10.109757462+00:00,Q,EDGX,1.19,68,NASDAQ_FUTURES,1.17,176,['R']
2021-06-23 14:40:10.109797885+00:00,2021-06-23 14:40:10.109797885+00:00,Q,NASDAQ_FUTURES,1.18,1,NASDAQ_FUTURES,1.17,176,['R']
2021-06-23 14:40:10.110362331+00:00,2021-06-23 14:40:10.110362331+00:00,Q,NASDAQ_FUTURES,1.18,1,NASDAQ_FUTURES,1.17,175,['R']
2021-06-23 14:40:52.047824761+00:00,2021-06-23 14:40:52.047824761+00:00,Q,NASDAQ_FUTURES,1.18,1,NASDAQ_FUTURES,1.17,176,['R']
2021-06-23 14:40:57.011203303+00:00,2021-06-23 14:40:57.011203303+00:00,Q,NASDAQ_FUTURES,1.18,2,NASDAQ_FUTURES,1.17,176,['R']
2021-06-23 14:41:19.423392193+00:00,2021-06-23 14:41:19.423392193+00:00,Q,NASDAQ_FUTURES,1.18,1,NASDAQ_FUTURES,1.17,176,['R']
2021-06-23 14:41:19.423392193+00:00,2021-06-23 14:41:19.423392193+00:00,Q,EDGX,1.19,68,NASDAQ_FUTURES,1.17,176,['R']
2021-06-23 14:41:19.423399867+00:00,2021-06-23 14:41:19.423399867+00:00,Q,EDGX,1.19,68,NASDAQ_FUTURES,1.17,177,['R']
2021-06-23 14:41:19.423418567+00:00,2021-06-23 14:41:19.423418567+00:00,Q,EDGX,1.19,68,NASDAQ_FUTURES,1.17,178,['R']
2021-06-23 14:41:19.423424850+00:00,2021-06-23 14:41:19.423424850+00:00,Q,EDGX,1.19,68,NASDAQ_FUTURES,1.17,179,['R']
2021-06-23 14:41:19.423446880+00:00,2021-06-23 14:41:19.423446880+00:00,Q,NASDAQ_FUTURES,1.18,1,NASDAQ_FUTURES,1.17,179,['R']
2021-06-23 14:41:19.423450646+00:00,2021-06-23 14:41:19.423450646+00:00,Q,NASDAQ_FUTURES,1.18,2,NASDAQ_FUTURES,1.17,179,['R']
2021-06-23 14:41:19.423468514+00:00,2021-06-23 14:41:19.423468514+00:00,Q,NASDAQ_FUTURES,1.18,2,NASDAQ_FUTURES,1.17,178,['R']
2021-06-23 14:41:19.424028930+00:00,2021-06-23 14:41:19.424028930+00:00,Q,NASDAQ_FUTURES,1.18,2,NASDAQ_FUTURES,1.17,177,['R']
2021-06-23 14:41:19.424153536+00:00,2021-06-23 14:41:19.424153536+00:00,Q,EDGX,1.19,68,NASDAQ_FUTURES,1.17,177,['R']
2021-06-23 14:41:19.424153536+00:00,2021-06-23 14:41:19.424153536+00:00,Q,NASDAQ_FUTURES,1.18,1,NASDAQ_FUTURES,1.17,177,['R']
2021-06-23 14:41:19.424180759+00:00,2021-06-23 14:41:19.424180759+00:00,Q,EDGX,1.19,68,NASDAQ_FUTURES,1.17,178,['R']
2021-06-23 14:41:19.424195121+00:00,2021-06-23 14:41:19.424195121+00:00,Q,NASDAQ_FUTURES,1.18,1,NASDAQ_FUTURES,1.17,178,['R']
2021-06-23 14:41:19.424197081+00:00,2021-06-23 14:41:19.424197081+00:00,Q,NASDAQ_FUTURES,1.18,2,NASDAQ_FUTURES,1.17,178,['R']
2021-06-23 14:41:19.424217773+00:00,2021-06-23 14:41:19.424217773+00:00,Q,NASDAQ_FUTURES,1.18,2,NASDAQ_FUTURES,1.17,177,['R']
2021-06-23 14:41:19.453397674+00:00,2021-06-23 14:41:19.453397674+00:00,Q,NASDAQ_FUTURES,1.18,2,NASDAQ_FUTURES,1.17,176,['R']
2021-06-23 14:41:20.713264498+00:00,2021-06-23 14:41:20.713264498+00:00,Q,NASDAQ_FUTURES,1.18,1,NASDAQ_FUTURES,1.17,176,['R']
2021-06-23 14:41:29.002696082+00:00,2021-06-23 14:41:29.002696082+00:00,Q,EDGX,1.19,68,NASDAQ_FUTURES,1.17,176,['R']
2021-06-23 14:41:29.019583453+00:00,2021-06-23 14:41:29.019583453+00:00,Q,EDGX,1.19,68,NASDAQ_FUTURES,1.17,175,['R']
2021-06-23 14:41:33.430338+00:00,2021-06-23 14:41:33.430338+00:00,Q,EDGX,1.19,68,EDGX,1.18,25,['R']
2021-06-23 14:42:05.883943+00:00,2021-06-23 14:42:05.883943+00:00,Q,EDGX,1.19,68,EDGX,1.18,1,['R']
2021-06-23 14:42:06.086351+00:00,2021-06-23 14:42:06.086351+00:00,Q,EDGX,1.19,68,BATS,1.18,3,['R']
2021-06-23 14:43:25.146418+00:00,2021-06-23 14:43:25.146418+00:00,Q,EDGX,1.19,68,BATS,1.18,2,['R']
2021-06-23 14:43:25.151473+00:00,2021-06-23 14:43:25.151473+00:00,Q,EDGX,1.19,68,EDGX,1.18,1,['R']
2021-06-23 14:43:49.820070+00:00,2021-06-23 14:43:49.820070+00:00,Q,EDGX,1.19,68,EDGX,1.18,2,['R']
2021-06-23 14:44:01.163543943+00:00,2021-06-23 14:44:01.163543943+00:00,Q,EDGX,1.19,68,NASDAQ_FUTURES,1.18,3,['R']
2021-06-23 14:44:57.222725789+00:00,2021-06-23 14:44:57.222725789+00:00,Q,EDGX,1.19,68,EDGX,1.18,2,['R']
2021-06-23 14:44:57.223374198+00:00,2021-06-23 14:44:57.223374198+00:00,Q,EDGX,1.19,68,NASDAQ_FUTURES,1.18,3,['R']
2021-06-23 14:44:58.390453285+00:00,2021-06-23 14:44:58.390453285+00:00,Q,EDGX,1.19,68,EDGX,1.18,2,['R']
2021-06-23 14:45:01.699939+00:00,2021-06-23 14:45:01.699939+00:00,Q,EDGX,1.19,68,EDGX,1.18,3,['R']
2021-06-23 14:45:01.704637+00:00,2021-06-23 14:45:01.704637+00:00,Q,EDGX,1.19,68,NASDAQ_FUTURES,1.18,2,['R']
2021-06-23 14:45:59.936397374+00:00,2021-06-23 14:45:59.936397374+00:00,Q,EDGX,1.19,68,NASDAQ_FUTURES,1.18,5,['R']
2021-06-23 14:47:23.434583+00:00,2021-06-23 14:47:23.434583+00:00,Q,EDGX,1.19,68,EDGX,1.18,27,['R']
2021-06-23 14:48:24.476927+00:00,2021-06-23 14:48:24.476927+00:00,Q,EDGX,1.19,83,EDGX,1.18,27,['R']
2021-06-23 14:48:36.506093+00:00,2021-06-23 14:48:36.506093+00:00,Q,EDGX,1.19,85,EDGX,1.18,27,['R']
2021-06-23 14:49:22.996313+00:00,2021-06-23 14:49:22.996313+00:00,Q,EDGX,1.19,69,EDGX,1.18,27,['R']
2021-06-23 14:53:01.394578+00:00,2021-06-23 14:53:01.394578+00:00,Q,EDGX,1.19,70,EDGX,1.18,27,['R']
2021-06-23 14:53:59.528011+00:00,2021-06-23 14:53:59.528011+00:00,Q,EDGX,1.19,70,EDGX,1.18,26,['R']
2021-06-23 14:53:59.528011+00:00,2021-06-23 14:53:59.528011+00:00,Q,EDGX,1.19,70,BATS,1.18,3,['R']
2021-06-23 14:53:59.528133+00:00,2021-06-23 14:53:59.528133+00:00,Q,EDGX,1.19,71,BATS,1.18,3,['R']
2021-06-23 14:53:59.528326+00:00,2021-06-23 14:53:59.528326+00:00,Q,EDGX,1.19,71,BATS,1.18,2,['R']
2021-06-23 14:53:59.535131606+00:00,2021-06-23 14:53:59.535131606+00:00,Q,EDGX,1.19,71,NASDAQ_FUTURES,1.18,3,['R']
2021-06-23 14:53:59.558134+00:00,2021-06-23 14:53:59.558134+00:00,Q,EDGX,1.19,70,NASDAQ_FUTURES,1.18,3,['R']
2021-06-23 14:55:12.579229079+00:00,2021-06-23 14:55:12.579229079+00:00,Q,EDGX,1.19,70,BATS,1.18,2,['R']
2021-06-23 14:55:12.579483+00:00,2021-06-23 14:55:12.579483+00:00,Q,EDGX,1.19,70,Arca,1.18,1,['R']
2021-06-23 14:55:12.579591+00:00,2021-06-23 14:55:12.579591+00:00,Q,EDGX,1.19,71,Arca,1.18,1,['R']
2021-06-23 14:55:12.579607552+00:00,2021-06-23 14:55:12.579607552+00:00,Q,EDGX,1.19,71,NASDAQ_FUTURES,1.17,174,['R']
2021-06-23 14:55:12.580040204+00:00,2021-06-23 14:55:12.580040204+00:00,Q,NASDAQ_FUTURES,1.18,15,NASDAQ_FUTURES,1.17,174,['R']
2021-06-23 14:55:12.587250579+00:00,2021-06-23 14:55:12.587250579+00:00,Q,NASDAQ_FUTURES,1.18,15,NASDAQ_FUTURES,1.17,176,['R']
2021-06-23 14:55:13.006396154+00:00,2021-06-23 14:55:13.006396154+00:00,Q,NASDAQ_FUTURES,1.18,15,NASDAQ_FUTURES,1.17,174,['R']
2021-06-23 14:55:13.680282266+00:00,2021-06-23 14:55:13.680282266+00:00,Q,NASDAQ_FUTURES,1.18,16,NASDAQ_FUTURES,1.17,174,['R']
2021-06-23 14:55:14.772541495+00:00,2021-06-23 14:55:14.772541495+00:00,Q,NASDAQ_FUTURES,1.18,16,NASDAQ_FUTURES,1.17,175,['R']
2021-06-23 14:56:14.513882+00:00,2021-06-23 14:56:14.513882+00:00,Q,EDGX,1.18,7,NASDAQ_FUTURES,1.17,175,['R']
2021-06-23 14:56:14.514002737+00:00,2021-06-23 14:56:14.514002737+00:00,Q,EDGX,1.18,8,NASDAQ_FUTURES,1.17,175,['R']
2021-06-23 14:56:14.514076921+00:00,2021-06-23 14:56:14.514076921+00:00,Q,EDGX,1.18,8,NASDAQ_FUTURES,1.17,176,['R']
2021-06-23 14:56:14.514090213+00:00,2021-06-23 14:56:14.514090213+00:00,Q,EDGX,1.18,8,NASDAQ_FUTURES,1.17,175,['R']
2021-06-23 14:56:21.451181371+00:00,2021-06-23 14:56:21.451181371+00:00,Q,EDGX,1.18,7,NASDAQ_FUTURES,1.17,174,['R']
2021-06-23 14:56:32.094793472+00:00,2021-06-23 14:56:32.094793472+00:00,Q,Arca,1.18,9,NASDAQ_FUTURES,1.17,174,['R']
2021-06-23 14:56:56.340508992+00:00,2021-06-23 14:56:56.340508992+00:00,Q,Arca,1.18,9,NASDAQ_FUTURES,1.17,176,['R']
2021-06-23 14:56:56.341331589+00:00,2021-06-23 14:56:56.341331589+00:00,Q,Arca,1.18,9,NASDAQ_FUTURES,1.17,174,['R']
2021-06-23 14:58:04.357424+00:00,2021-06-23 14:58:04.357424+00:00,Q,EDGX,1.18,22,NASDAQ_FUTURES,1.17,174,['R']
2021-06-23 15:04:14.409375288+00:00,2021-06-23 15:04:14.409375288+00:00,Q,EDGX,1.18,22,NASDAQ_FUTURES,1.17,175,['R']
2021-06-23 15:06:21.356315684+00:00,2021-06-23 15:06:21.356315684+00:00,Q,EDGX,1.18,22,NASDAQ_FUTURES,1.17,172,['R']
2021-06-23 15:07:45.324268+00:00,2021-06-23 15:07:45.324268+00:00,Q,EDGX,1.18,24,NASDAQ_FUTURES,1.17,172,['R']
2021-06-23 15:08:17.330598555+00:00,2021-06-23 15:08:17.330598555+00:00,Q,EDGX,1.18,24,NASDAQ_FUTURES,1.17,173,['R']
2021-06-23 15:08:17.330605227+00:00,2021-06-23 15:08:17.330605227+00:00,Q,EDGX,1.18,24,NASDAQ_FUTURES,1.17,175,['R']
2021-06-23 15:08:17.330653015+00:00,2021-06-23 15:08:17.330653015+00:00,Q,EDGX,1.18,24,NASDAQ_FUTURES,1.17,178,['R']
2021-06-23 15:08:17.331276981+00:00,2021-06-23 15:08:17.331276981+00:00,Q,EDGX,1.18,24,NASDAQ_FUTURES,1.17,177,['R']
2021-06-23 15:08:17.360606767+00:00,2021-06-23 15:08:17.360606767+00:00,Q,EDGX,1.18,24,NASDAQ_FUTURES,1.17,175,['R']
2021-06-23 15:08:17.380317+00:00,2021-06-23 15:08:17.380317+00:00,Q,EDGX,1.19,68,NASDAQ_FUTURES,1.17,176,['R']
2021-06-23 15:08:17.380317+00:00,2021-06-23 15:08:17.380317+00:00,Q,EDGX,1.18,7,NASDAQ_FUTURES,1.17,176,['R']
2021-06-23 15:08:17.380505255+00:00,2021-06-23 15:08:17.380505255+00:00,Q,EDGX,1.18,24,NASDAQ_FUTURES,1.17,176,['R']
2021-06-23 15:08:17.410507547+00:00,2021-06-23 15:08:17.410507547+00:00,Q,EDGX,1.19,68,NASDAQ_FUTURES,1.17,175,['R']
2021-06-23 15:08:17.415569473+00:00,2021-06-23 15:08:17.415569473+00:00,Q,EDGX,1.19,68,NASDAQ_FUTURES,1.18,1,['R']
2021-06-23 15:08:17.415572550+00:00,2021-06-23 15:08:17.415572550+00:00,Q,EDGX,1.19,68,NASDAQ_FUTURES,1.18,2,['R']
2021-06-23 15:08:17.415633132+00:00,2021-06-23 15:08:17.415633132+00:00,Q,EDGX,1.19,68,NASDAQ_FUTURES,1.18,5,['R']
2021-06-23 15:08:17.416049615+00:00,2021-06-23 15:08:17.416049615+00:00,Q,EDGX,1.19,68,NASDAQ_FUTURES,1.18,4,['R']
2021-06-23 15:08:17.416069014+00:00,2021-06-23 15:08:17.416069014+00:00,Q,EDGX,1.19,68,BATS,1.18,4,['R']
2021-06-23 15:08:17.416155+00:00,2021-06-23 15:08:17.416155+00:00,Q,EDGX,1.19,68,BATS,1.18,3,['R']
2021-06-23 15:08:17.418935489+00:00,2021-06-23 15:08:17.418935489+00:00,Q,EDGX,1.19,68,NASDAQ_FUTURES,1.18,4,['R']
2021-06-23 15:08:17.450468507+00:00,2021-06-23 15:08:17.450468507+00:00,Q,EDGX,1.19,68,NASDAQ_FUTURES,1.18,5,['R']
2021-06-23 15:08:17.451515863+00:00,2021-06-23 15:08:17.451515863+00:00,Q,EDGX,1.19,68,NASDAQ_FUTURES,1.18,4,['R']
2021-06-23 15:08:17.451521957+00:00,2021-06-23 15:08:17.451521957+00:00,Q,EDGX,1.19,68,NASDAQ_FUTURES,1.18,1,['R']
2021-06-23 15:08:17.477524473+00:00,2021-06-23 15:08:17.477524473+00:00,Q,EDGX,1.19,68,NASDAQ_FUTURES,1.18,2,['R']
2021-06-23 15:08:17.477611558+00:00,2021-06-23 15:08:17.477611558+00:00,Q,EDGX,1.19,68,NASDAQ_FUTURES,1.18,1,['R']
2021-06-23 15:08:17.497626512+00:00,2021-06-23 15:08:17.497626512+00:00,Q,EDGX,1.19,68,NASDAQ_FUTURES,1.18,2,['R']
2021-06-23 15:08:17.497711745+00:00,2021-06-23 15:08:17.497711745+00:00,Q,EDGX,1.19,68,NASDAQ_FUTURES,1.18,1,['R']
2021-06-23 15:08:17.510796595+00:00,2021-06-23 15:08:17.510796595+00:00,Q,EDGX,1.19,68,NASDAQ_FUTURES,1.18,2,['R']
2021-06-23 15:08:17.510894901+00:00,2021-06-23 15:08:17.510894901+00:00,Q,EDGX,1.19,68,NASDAQ_FUTURES,1.18,1,['R']
2021-06-23 15:08:17.523946265+00:00,2021-06-23 15:08:17.523946265+00:00,Q,EDGX,1.19,68,NASDAQ_FUTURES,1.18,2,['R']
2021-06-23 15:08:17.524033603+00:00,2021-06-23 15:08:17.524033603+00:00,Q,EDGX,1.19,68,NASDAQ_FUTURES,1.18,1,['R']
2021-06-23 15:08:17.537112018+00:00,2021-06-23 15:08:17.537112018+00:00,Q,EDGX,1.19,68,NASDAQ_FUTURES,1.18,2,['R']
2021-06-23 15:08:17.537198556+00:00,2021-06-23 15:08:17.537198556+00:00,Q,EDGX,1.19,68,NASDAQ_FUTURES,1.18,1,['R']
2021-06-23 15:08:17.550335538+00:00,2021-06-23 15:08:17.550335538+00:00,Q,EDGX,1.19,68,NASDAQ_FUTURES,1.18,2,['R']
2021-06-23 15:08:17.550426997+00:00,2021-06-23 15:08:17.550426997+00:00,Q,EDGX,1.19,68,NASDAQ_FUTURES,1.18,1,['R']
2021-06-23 15:08:17.563569420+00:00,2021-06-23 15:08:17.563569420+00:00,Q,EDGX,1.19,68,NASDAQ_FUTURES,1.18,2,['R']
2021-06-23 15:08:17.563650366+00:00,2021-06-23 15:08:17.563650366+00:00,Q,EDGX,1.19,68,NASDAQ_FUTURES,1.18,1,['R']
2021-06-23 15:08:17.576779561+00:00,2021-06-23 15:08:17.576779561+00:00,Q,EDGX,1.19,68,NASDAQ_FUTURES,1.18,2,['R']
2021-06-23 15:08:17.576860732+00:00,2021-06-23 15:08:17.576860732+00:00,Q,EDGX,1.19,68,NASDAQ_FUTURES,1.18,1,['R']
2021-06-23 15:08:17.589967444+00:00,2021-06-23 15:08:17.589967444+00:00,Q,EDGX,1.19,68,NASDAQ_FUTURES,1.18,2,['R']
2021-06-23 15:08:17.603048+00:00,2021-06-23 15:08:17.603048+00:00,Q,Arca,1.19,3,NASDAQ_FUTURES,1.18,5,['R']
2021-06-23 15:08:17.603048+00:00,2021-06-23 15:08:17.603048+00:00,Q,EDGX,1.19,18,NASDAQ_FUTURES,1.18,5,['R']
2021-06-23 15:08:17.603267117+00:00,2021-06-23 15:08:17.603267117+00:00,Q,EDGX,1.19,68,NASDAQ_FUTURES,1.18,5,['R']
2021-06-23 15:08:28.359205401+00:00,2021-06-23 15:08:28.359205401+00:00,Q,NASDAQ_FUTURES,1.19,2,NASDAQ_FUTURES,1.18,5,['R']
2021-06-23 15:08:28.374074470+00:00,2021-06-23 15:08:28.374074470+00:00,Q,NASDAQ_FUTURES,1.19,5,NASDAQ_FUTURES,1.18,5,['R']
2021-06-23 15:08:30.644948667+00:00,2021-06-23 15:08:30.644948667+00:00,Q,NASDAQ_FUTURES,1.19,4,NASDAQ_FUTURES,1.18,5,['R']
2021-06-23 15:09:11.799024744+00:00,2021-06-23 15:09:11.799024744+00:00,Q,NASDAQ_FUTURES,1.19,1,NASDAQ_FUTURES,1.18,9,['R']
2021-06-23 15:10:14.386703016+00:00,2021-06-23 15:10:14.386703016+00:00,Q,NASDAQ_FUTURES,1.19,2,NASDAQ_FUTURES,1.18,9,['R']
2021-06-23 15:10:18.549807299+00:00,2021-06-23 15:10:18.549807299+00:00,Q,NASDAQ_FUTURES,1.19,2,NASDAQ_FUTURES,1.18,19,['R']
2021-06-23 15:10:29.262467288+00:00,2021-06-23 15:10:29.262467288+00:00,Q,NASDAQ_FUTURES,1.19,1,NASDAQ_FUTURES,1.18,19,['R']
2021-06-23 15:14:24.874039816+00:00,2021-06-23 15:14:24.874039816+00:00,Q,EDGX,1.2,64,NASDAQ_FUTURES,1.18,27,['R']
2021-06-23 15:14:24.874290454+00:00,2021-06-23 15:14:24.874290454+00:00,Q,EDGX,1.2,64,NASDAQ_FUTURES,1.19,7,['R']
2021-06-23 15:14:24.875524+00:00,2021-06-23 15:14:24.875524+00:00,Q,EDGX,1.2,64,EDGX,1.19,11,['R']
2021-06-23 15:14:25.684820+00:00,2021-06-23 15:14:25.684820+00:00,Q,EDGX,1.2,64,EDGX,1.19,21,['R']
2021-06-23 15:16:15.281577+00:00,2021-06-23 15:16:15.281577+00:00,Q,EDGX,1.2,58,EDGX,1.19,21,['R']
2021-06-23 15:16:15.281684+00:00,2021-06-23 15:16:15.281684+00:00,Q,EDGX,1.2,58,EDGX,1.19,24,['R']
2021-06-23 15:16:30.505730+00:00,2021-06-23 15:16:30.505730+00:00,Q,EDGX,1.2,58,NASDAQ_FUTURES,1.19,10,['R']
2021-06-23 15:16:30.505730+00:00,2021-06-23 15:16:30.505730+00:00,Q,EDGX,1.2,58,EDGX,1.19,14,['R']
2021-06-23 15:16:30.506366307+00:00,2021-06-23 15:16:30.506366307+00:00,Q,EDGX,1.2,58,NASDAQ_FUTURES,1.19,11,['R']
2021-06-23 15:18:16.603979315+00:00,2021-06-23 15:18:16.603979315+00:00,Q,EDGX,1.2,58,Arca,1.19,6,['R']
2021-06-23 15:18:16.604017920+00:00,2021-06-23 15:18:16.604017920+00:00,Q,EDGX,1.2,58,NASDAQ_FUTURES,1.19,4,['R']
2021-06-23 15:23:09.203720757+00:00,2021-06-23 15:23:09.203720757+00:00,Q,EDGX,1.2,58,Arca,1.19,4,['R']
2021-06-23 15:23:38.117795+00:00,2021-06-23 15:23:38.117795+00:00,Q,EDGX,1.2,61,Arca,1.19,4,['R']
2021-06-23 15:23:55.164859392+00:00,2021-06-23 15:23:55.164859392+00:00,Q,EDGX,1.2,61,Arca,1.19,3,['R']
2021-06-23 15:25:06.005431324+00:00,2021-06-23 15:25:06.005431324+00:00,Q,EDGX,1.2,61,NASDAQ_FUTURES,1.19,6,['R']
2021-06-23 15:25:12.316850+00:00,2021-06-23 15:25:12.316850+00:00,Q,EDGX,1.2,58,NASDAQ_FUTURES,1.19,6,['R']
2021-06-23 15:32:26.016602948+00:00,2021-06-23 15:32:26.016602948+00:00,Q,EDGX,1.2,58,EDGX,1.19,6,['R']
2021-06-23 15:33:05.822890+00:00,2021-06-23 15:33:05.822890+00:00,Q,EDGX,1.2,58,Arca,1.19,3,['R']
2021-06-23 15:33:05.822992+00:00,2021-06-23 15:33:05.822992+00:00,Q,EDGX,1.2,59,Arca,1.19,3,['R']
2021-06-23 15:33:05.823016+00:00,2021-06-23 15:33:05.823016+00:00,Q,EDGX,1.2,63,Arca,1.19,3,['R']
2021-06-23 15:33:05.823070976+00:00,2021-06-23 15:33:05.823070976+00:00,Q,EDGX,1.2,61,IEX,1.19,1,['R']
2021-06-23 15:33:05.823115+00:00,2021-06-23 15:33:05.823115+00:00,Q,EDGX,1.2,62,Arca,1.19,3,['R']
2021-06-23 15:33:05.823175+00:00,2021-06-23 15:33:05.823175+00:00,Q,EDGX,1.2,61,Arca,1.19,3,['R']
2021-06-23 15:33:05.823238590+00:00,2021-06-23 15:33:05.823238590+00:00,Q,EDGX,1.2,61,EDGX,1.19,1,['R']
2021-06-23 15:33:05.823403+00:00,2021-06-23 15:33:05.823403+00:00,Q,BATS,1.19,3,NASDAQ_FUTURES,1.19,1,['R']
2021-06-23 15:33:05.823410+00:00,2021-06-23 15:33:05.823410+00:00,Q,BATS,1.19,3,EDGX,1.19,1,['R']
2021-06-23 15:33:05.823609344+00:00,2021-06-23 15:33:05.823609344+00:00,Q,Arca,1.19,3,NASDAQ_FUTURES,1.19,1,['R']
2021-06-23 15:33:05.823688+00:00,2021-06-23 15:33:05.823688+00:00,Q,EDGX,1.2,61,NASDAQ_FUTURES,1.19,1,['R']
2021-06-23 15:33:05.823720192+00:00,2021-06-23 15:33:05.823720192+00:00,Q,EDGX,1.2,61,EDGX,1.18,3,['R']
2021-06-23 15:33:05.824081990+00:00,2021-06-23 15:33:05.824081990+00:00,Q,Arca,1.19,3,EDGX,1.18,3,['R']
2021-06-23 15:33:05.825506+00:00,2021-06-23 15:33:05.825506+00:00,Q,EDGX,1.2,61,BATS,1.18,5,['R']
2021-06-23 15:33:05.825554212+00:00,2021-06-23 15:33:05.825554212+00:00,Q,EDGX,1.2,61,NASDAQ_FUTURES,1.18,4,['R']
2021-06-23 15:33:05.826198274+00:00,2021-06-23 15:33:05.826198274+00:00,Q,EDGX,1.2,61,NASDAQ_FUTURES,1.18,9,['R']
2021-06-23 15:33:05.826391621+00:00,2021-06-23 15:33:05.826391621+00:00,Q,EDGX,1.2,61,NASDAQ_FUTURES,1.19,2,['R']
2021-06-23 15:33:05.827091+00:00,2021-06-23 15:33:05.827091+00:00,Q,EDGX,1.2,64,NASDAQ_FUTURES,1.19,2,['R']
2021-06-23 15:33:05.827467496+00:00,2021-06-23 15:33:05.827467496+00:00,Q,EDGX,1.2,64,BATS,1.18,9,['R']
2021-06-23 15:33:05.828567+00:00,2021-06-23 15:33:05.828567+00:00,Q,EDGX,1.2,64,BATS,1.18,11,['R']
2021-06-23 15:33:05.831980601+00:00,2021-06-23 15:33:05.831980601+00:00,Q,EDGX,1.2,64,NASDAQ_FUTURES,1.19,3,['R']
2021-06-23 15:33:07.043976473+00:00,2021-06-23 15:33:07.043976473+00:00,Q,EDGX,1.2,64,NASDAQ_FUTURES,1.19,5,['R']
2021-06-23 15:39:10.530425592+00:00,2021-06-23 15:39:10.530425592+00:00,Q,EDGX,1.2,64,NASDAQ_FUTURES,1.19,6,['R']
2021-06-23 15:45:22.218219435+00:00,2021-06-23 15:45:22.218219435+00:00,Q,EDGX,1.2,64,Arca,1.19,1,['R']
2021-06-23 15:45:22.218336+00:00,2021-06-23 15:45:22.218336+00:00,Q,EDGX,1.2,65,Arca,1.19,1,['R']
2021-06-23 15:45:22.218342157+00:00,2021-06-23 15:45:22.218342157+00:00,Q,EDGX,1.2,64,NASDAQ_FUTURES,1.19,3,['R']
2021-06-23 15:45:22.218375168+00:00,2021-06-23 15:45:22.218375168+00:00,Q,NASDAQ_FUTURES,1.19,3,BATS,1.18,11,['R']
2021-06-23 15:45:22.218644118+00:00,2021-06-23 15:45:22.218644118+00:00,Q,NASDAQ_FUTURES,1.19,3,Arca,1.19,1,['R']
2021-06-23 15:45:22.220450543+00:00,2021-06-23 15:45:22.220450543+00:00,Q,NASDAQ_FUTURES,1.19,4,BATS,1.18,11,['R']
2021-06-23 15:45:22.224346655+00:00,2021-06-23 15:45:22.224346655+00:00,Q,EDGX,1.19,4,BATS,1.18,11,['R']
2021-06-23 15:45:22.225058+00:00,2021-06-23 15:45:22.225058+00:00,Q,EDGX,1.19,4,Arca,1.18,10,['R']
2021-06-23 15:45:26.684576040+00:00,2021-06-23 15:45:26.684576040+00:00,Q,NASDAQ_FUTURES,1.19,5,Arca,1.18,10,['R']
2021-06-23 15:45:44.012084114+00:00,2021-06-23 15:45:44.012084114+00:00,Q,NASDAQ_FUTURES,1.19,10,Arca,1.18,10,['R']
2021-06-23 15:46:14.177030400+00:00,2021-06-23 15:46:14.177030400+00:00,Q,NASDAQ_FUTURES,1.19,10,Arca,1.18,7,['R']
2021-06-23 15:47:27.598119185+00:00,2021-06-23 15:47:27.598119185+00:00,Q,NASDAQ_FUTURES,1.19,5,Arca,1.18,7,['R']
2021-06-23 15:49:09.783711+00:00,2021-06-23 15:49:09.783711+00:00,Q,Arca,1.19,3,Arca,1.18,7,['R']
2021-06-23 15:49:09.783802624+00:00,2021-06-23 15:49:09.783802624+00:00,Q,NASDAQ_FUTURES,1.19,2,NASDAQ_FUTURES,1.18,7,['R']
2021-06-23 15:49:09.783867007+00:00,2021-06-23 15:49:09.783867007+00:00,Q,EDGX,1.19,4,Arca,1.18,7,['R']
2021-06-23 15:49:09.783889920+00:00,2021-06-23 15:49:09.783889920+00:00,Q,NASDAQ_FUTURES,1.19,2,Arca,1.18,10,['R']
2021-06-23 15:50:35.889925640+00:00,2021-06-23 15:50:35.889925640+00:00,Q,Arca,1.19,2,Arca,1.18,10,['R']
2021-06-23 15:50:36.348875776+00:00,2021-06-23 15:50:36.348875776+00:00,Q,NASDAQ_FUTURES,1.19,1,Arca,1.18,10,['R']
2021-06-23 15:51:02.688320653+00:00,2021-06-23 15:51:02.688320653+00:00,Q,NASDAQ_FUTURES,1.19,2,Arca,1.18,10,['R']
2021-06-23 15:52:46.043830271+00:00,2021-06-23 15:52:46.043830271+00:00,Q,NASDAQ_FUTURES,1.19,1,Arca,1.18,10,['R']
2021-06-23 15:52:46.043994823+00:00,2021-06-23 15:52:46.043994823+00:00,Q,NASDAQ_FUTURES,1.19,2,Arca,1.18,10,['R']
2021-06-23 15:52:46.044014039+00:00,2021-06-23 15:52:46.044014039+00:00,Q,NASDAQ_FUTURES,1.19,2,NASDAQ_FUTURES,1.18,11,['R']
2021-06-23 15:52:46.074012252+00:00,2021-06-23 15:52:46.074012252+00:00,Q,NASDAQ_FUTURES,1.19,2,Arca,1.18,10,['R']
2021-06-23 15:53:20.991961934+00:00,2021-06-23 15:53:20.991961934+00:00,Q,NASDAQ_FUTURES,1.19,2,NASDAQ_FUTURES,1.18,11,['R']
2021-06-23 15:56:15.045414115+00:00,2021-06-23 15:56:15.045414115+00:00,Q,NASDAQ_FUTURES,1.19,3,NASDAQ_FUTURES,1.18,11,['R']
2021-06-23 15:58:38.552716509+00:00,2021-06-23 15:58:38.552716509+00:00,Q,NASDAQ_FUTURES,1.19,3,NASDAQ_FUTURES,1.18,17,['R']
2021-06-23 15:59:26.951190038+00:00,2021-06-23 15:59:26.951190038+00:00,Q,NASDAQ_FUTURES,1.19,2,NASDAQ_FUTURES,1.18,17,['R']
2021-06-23 15:59:28.003659036+00:00,2021-06-23 15:59:28.003659036+00:00,Q,NASDAQ_FUTURES,1.19,3,NASDAQ_FUTURES,1.18,17,['R']
2021-06-23 16:07:51.354642641+00:00,2021-06-23 16:07:51.354642641+00:00,Q,NASDAQ_FUTURES,1.19,3,NASDAQ_FUTURES,1.18,18,['R']
2021-06-23 16:07:51.355650509+00:00,2021-06-23 16:07:51.355650509+00:00,Q,NASDAQ_FUTURES,1.19,3,NASDAQ_FUTURES,1.18,17,['R']
2021-06-23 16:08:24.783773+00:00,2021-06-23 16:08:24.783773+00:00,Q,NASDAQ_FUTURES,1.19,1,NASDAQ_FUTURES,1.18,19,['R']
2021-06-23 16:08:24.783856455+00:00,2021-06-23 16:08:24.783856455+00:00,Q,NASDAQ_FUTURES,1.19,2,NASDAQ_FUTURES,1.18,17,['R']
2021-06-23 16:08:24.783856455+00:00,2021-06-23 16:08:24.783856455+00:00,Q,EDGX,1.19,1,NASDAQ_FUTURES,1.18,17,['R']
2021-06-23 16:08:24.783887572+00:00,2021-06-23 16:08:24.783887572+00:00,Q,EDGX,1.19,1,NASDAQ_FUTURES,1.18,18,['R']
2021-06-23 16:08:24.783895825+00:00,2021-06-23 16:08:24.783895825+00:00,Q,EDGX,1.19,1,NASDAQ_FUTURES,1.18,19,['R']
2021-06-23 16:08:24.783937341+00:00,2021-06-23 16:08:24.783937341+00:00,Q,EDGX,1.19,1,NASDAQ_FUTURES,1.18,18,['R']
2021-06-23 16:08:24.783946965+00:00,2021-06-23 16:08:24.783946965+00:00,Q,EDGX,1.19,1,NASDAQ_FUTURES,1.18,19,['R']
2021-06-23 16:08:24.784485035+00:00,2021-06-23 16:08:24.784485035+00:00,Q,NASDAQ_FUTURES,1.19,1,NASDAQ_FUTURES,1.18,18,['R']
2021-06-23 16:08:24.786875815+00:00,2021-06-23 16:08:24.786875815+00:00,Q,EDGX,1.2,61,NASDAQ_FUTURES,1.18,18,['R']
2021-06-23 16:08:24.786903426+00:00,2021-06-23 16:08:24.786903426+00:00,Q,EDGX,1.2,61,NASDAQ_FUTURES,1.18,19,['R']
2021-06-23 16:08:24.786918345+00:00,2021-06-23 16:08:24.786918345+00:00,Q,NASDAQ_FUTURES,1.19,1,NASDAQ_FUTURES,1.18,19,['R']
2021-06-23 16:08:24.786939993+00:00,2021-06-23 16:08:24.786939993+00:00,Q,NASDAQ_FUTURES,1.19,1,NASDAQ_FUTURES,1.18,18,['R']
2021-06-23 16:08:24.788865208+00:00,2021-06-23 16:08:24.788865208+00:00,Q,EDGX,1.2,61,NASDAQ_FUTURES,1.18,18,['R']
2021-06-23 16:08:24.788894113+00:00,2021-06-23 16:08:24.788894113+00:00,Q,EDGX,1.2,61,NASDAQ_FUTURES,1.18,19,['R']
2021-06-23 16:08:24.788906824+00:00,2021-06-23 16:08:24.788906824+00:00,Q,NASDAQ_FUTURES,1.19,1,NASDAQ_FUTURES,1.18,19,['R']
2021-06-23 16:08:24.788928191+00:00,2021-06-23 16:08:24.788928191+00:00,Q,NASDAQ_FUTURES,1.19,1,NASDAQ_FUTURES,1.18,18,['R']
2021-06-23 16:08:24.790050991+00:00,2021-06-23 16:08:24.790050991+00:00,Q,EDGX,1.2,61,NASDAQ_FUTURES,1.18,18,['R']
2021-06-23 16:08:24.790078590+00:00,2021-06-23 16:08:24.790078590+00:00,Q,EDGX,1.2,61,NASDAQ_FUTURES,1.18,19,['R']
2021-06-23 16:08:24.790091004+00:00,2021-06-23 16:08:24.790091004+00:00,Q,NASDAQ_FUTURES,1.19,1,NASDAQ_FUTURES,1.18,19,['R']
2021-06-23 16:08:24.790111996+00:00,2021-06-23 16:08:24.790111996+00:00,Q,NASDAQ_FUTURES,1.19,1,NASDAQ_FUTURES,1.18,18,['R']
2021-06-23 16:08:24.792217891+00:00,2021-06-23 16:08:24.792217891+00:00,Q,EDGX,1.2,61,NASDAQ_FUTURES,1.18,18,['R']
2021-06-23 16:08:24.792244753+00:00,2021-06-23 16:08:24.792244753+00:00,Q,EDGX,1.2,61,NASDAQ_FUTURES,1.18,19,['R']
2021-06-23 16:08:24.792259606+00:00,2021-06-23 16:08:24.792259606+00:00,Q,NASDAQ_FUTURES,1.19,1,NASDAQ_FUTURES,1.18,19,['R']
2021-06-23 16:08:24.792280932+00:00,2021-06-23 16:08:24.792280932+00:00,Q,NASDAQ_FUTURES,1.19,1,NASDAQ_FUTURES,1.18,18,['R']
2021-06-23 16:08:24.794066246+00:00,2021-06-23 16:08:24.794066246+00:00,Q,EDGX,1.2,61,NASDAQ_FUTURES,1.18,18,['R']
2021-06-23 16:08:24.794092243+00:00,2021-06-23 16:08:24.794092243+00:00,Q,EDGX,1.2,61,NASDAQ_FUTURES,1.18,19,['R']
2021-06-23 16:08:24.794107559+00:00,2021-06-23 16:08:24.794107559+00:00,Q,NASDAQ_FUTURES,1.19,1,NASDAQ_FUTURES,1.18,19,['R']
2021-06-23 16:08:24.794128921+00:00,2021-06-23 16:08:24.794128921+00:00,Q,NASDAQ_FUTURES,1.19,1,NASDAQ_FUTURES,1.18,18,['R']
2021-06-23 16:08:24.795352895+00:00,2021-06-23 16:08:24.795352895+00:00,Q,EDGX,1.2,61,NASDAQ_FUTURES,1.18,18,['R']
2021-06-23 16:08:24.813946625+00:00,2021-06-23 16:08:24.813946625+00:00,Q,EDGX,1.2,61,NASDAQ_FUTURES,1.18,17,['R']
2021-06-23 16:12:07.988427610+00:00,2021-06-23 16:12:07.988427610+00:00,Q,EDGX,1.2,61,NASDAQ_FUTURES,1.18,47,['R']
2021-06-23 16:15:35.349167+00:00,2021-06-23 16:15:35.349167+00:00,Q,EDGX,1.2,63,NASDAQ_FUTURES,1.18,47,['R']
2021-06-23 16:17:18.939123+00:00,2021-06-23 16:17:18.939123+00:00,Q,EDGX,1.2,61,NASDAQ_FUTURES,1.18,47,['R']
2021-06-23 16:17:18.939199+00:00,2021-06-23 16:17:18.939199+00:00,Q,EDGX,1.2,60,NASDAQ_FUTURES,1.18,47,['R']
2021-06-23 16:17:18.939636+00:00,2021-06-23 16:17:18.939636+00:00,Q,EDGX,1.2,58,NASDAQ_FUTURES,1.18,47,['R']
2021-06-23 16:20:00.451752+00:00,2021-06-23 16:20:00.451752+00:00,Q,EDGX,1.2,78,NASDAQ_FUTURES,1.18,47,['R']
2021-06-23 16:21:31.654436+00:00,2021-06-23 16:21:31.654436+00:00,Q,EDGX,1.2,76,NASDAQ_FUTURES,1.18,47,['R']
2021-06-23 16:21:31.658785+00:00,2021-06-23 16:21:31.658785+00:00,Q,EDGX,1.2,59,NASDAQ_FUTURES,1.18,47,['R']
2021-06-23 16:21:36.360427893+00:00,2021-06-23 16:21:36.360427893+00:00,Q,EDGX,1.2,59,NASDAQ_FUTURES,1.18,49,['R']
2021-06-23 16:22:09.317822162+00:00,2021-06-23 16:22:09.317822162+00:00,Q,NASDAQ_FUTURES,1.2,67,NASDAQ_FUTURES,1.18,49,['R']
2021-06-23 16:22:09.317855881+00:00,2021-06-23 16:22:09.317855881+00:00,Q,NASDAQ_FUTURES,1.2,82,NASDAQ_FUTURES,1.18,49,['R']
2021-06-23 16:23:26.577696326+00:00,2021-06-23 16:23:26.577696326+00:00,Q,NASDAQ_FUTURES,1.2,81,NASDAQ_FUTURES,1.18,49,['R']
2021-06-23 16:23:28.081827110+00:00,2021-06-23 16:23:28.081827110+00:00,Q,NASDAQ_FUTURES,1.2,82,NASDAQ_FUTURES,1.18,49,['R']
2021-06-23 16:23:50.351976947+00:00,2021-06-23 16:23:50.351976947+00:00,Q,NASDAQ_FUTURES,1.2,82,NASDAQ_FUTURES,1.18,47,['R']
2021-06-23 16:32:24.616804658+00:00,2021-06-23 16:32:24.616804658+00:00,Q,NASDAQ_FUTURES,1.2,82,NASDAQ_FUTURES,1.18,72,['R']
2021-06-23 16:32:45.040390209+00:00,2021-06-23 16:32:45.040390209+00:00,Q,NASDAQ_FUTURES,1.2,82,NASDAQ_FUTURES,1.18,47,['R']
2021-06-23 16:32:46.366010925+00:00,2021-06-23 16:32:46.366010925+00:00,Q,NASDAQ_FUTURES,1.2,82,NASDAQ_FUTURES,1.18,49,['R']
2021-06-23 16:33:23.927481717+00:00,2021-06-23 16:33:23.927481717+00:00,Q,NASDAQ_FUTURES,1.2,82,NASDAQ_FUTURES,1.18,74,['R']
2021-06-23 16:34:50.806734219+00:00,2021-06-23 16:34:50.806734219+00:00,Q,NASDAQ_FUTURES,1.2,82,NASDAQ_FUTURES,1.18,44,['R']
2021-06-23 16:35:29.659969652+00:00,2021-06-23 16:35:29.659969652+00:00,Q,NASDAQ_FUTURES,1.2,82,NASDAQ_FUTURES,1.18,19,['R']
2021-06-23 16:35:46.701302720+00:00,2021-06-23 16:35:46.701302720+00:00,Q,NASDAQ_FUTURES,1.2,82,NASDAQ_FUTURES,1.19,3,['R']
2021-06-23 16:35:47.049474601+00:00,2021-06-23 16:35:47.049474601+00:00,Q,NASDAQ_FUTURES,1.2,82,NASDAQ_FUTURES,1.19,6,['R']
2021-06-23 16:35:47.408857208+00:00,2021-06-23 16:35:47.408857208+00:00,Q,NASDAQ_FUTURES,1.2,82,NASDAQ_FUTURES,1.19,7,['R']
2021-06-23 16:35:58.838540272+00:00,2021-06-23 16:35:58.838540272+00:00,Q,NASDAQ_FUTURES,1.2,73,NASDAQ_FUTURES,1.19,7,['R']
2021-06-23 16:35:58.839146902+00:00,2021-06-23 16:35:58.839146902+00:00,Q,EDGX,1.2,71,NASDAQ_FUTURES,1.19,7,['R']
2021-06-23 16:36:58.386364514+00:00,2021-06-23 16:36:58.386364514+00:00,Q,EDGX,1.2,71,NASDAQ_FUTURES,1.19,6,['R']
2021-06-23 16:37:05.847243429+00:00,2021-06-23 16:37:05.847243429+00:00,Q,EDGX,1.2,71,NASDAQ_FUTURES,1.19,3,['R']
2021-06-23 16:37:07.049464245+00:00,2021-06-23 16:37:07.049464245+00:00,Q,EDGX,1.2,71,NASDAQ_FUTURES,1.19,7,['R']
2021-06-23 16:37:15.006883+00:00,2021-06-23 16:37:15.006883+00:00,Q,EDGX,1.2,74,NASDAQ_FUTURES,1.19,7,['R']
2021-06-23 16:37:21.366861066+00:00,2021-06-23 16:37:21.366861066+00:00,Q,EDGX,1.2,74,NASDAQ_FUTURES,1.19,9,['R']
2021-06-23 16:37:32.687060+00:00,2021-06-23 16:37:32.687060+00:00,Q,EDGX,1.2,71,NASDAQ_FUTURES,1.19,9,['R']
2021-06-23 16:43:56.240628+00:00,2021-06-23 16:43:56.240628+00:00,Q,EDGX,1.2,86,NASDAQ_FUTURES,1.19,9,['R']
2021-06-23 16:44:00.361172720+00:00,2021-06-23 16:44:00.361172720+00:00,Q,EDGX,1.2,86,NASDAQ_FUTURES,1.19,7,['R']
2021-06-23 16:46:58.465209+00:00,2021-06-23 16:46:58.465209+00:00,Q,EDGX,1.2,87,NASDAQ_FUTURES,1.19,7,['R']
2021-06-23 16:52:52.863419+00:00,2021-06-23 16:52:52.863419+00:00,Q,EDGX,1.2,86,NASDAQ_FUTURES,1.19,7,['R']
2021-06-23 16:58:40.027259255+00:00,2021-06-23 16:58:40.027259255+00:00,Q,EDGX,1.2,86,NASDAQ_FUTURES,1.19,8,['R']
2021-06-23 17:02:03.250560+00:00,2021-06-23 17:02:03.250560+00:00,Q,EDGX,1.2,71,NASDAQ_FUTURES,1.19,8,['R']
2021-06-23 17:06:06.850665+00:00,2021-06-23 17:06:06.850665+00:00,Q,EDGX,1.2,72,NASDAQ_FUTURES,1.19,8,['R']
2021-06-23 17:06:58.222808+00:00,2021-06-23 17:06:58.222808+00:00,Q,EDGX,1.2,73,Arca,1.19,3,['R']
2021-06-23 17:06:58.222823+00:00,2021-06-23 17:06:58.222823+00:00,Q,EDGX,1.2,74,Arca,1.19,3,['R']
2021-06-23 17:06:58.222836043+00:00,2021-06-23 17:06:58.222836043+00:00,Q,EDGX,1.2,72,Arca,1.19,3,['R']
2021-06-23 17:06:58.222836043+00:00,2021-06-23 17:06:58.222836043+00:00,Q,EDGX,1.2,72,NASDAQ_FUTURES,1.19,5,['R']
2021-06-23 17:06:58.223206+00:00,2021-06-23 17:06:58.223206+00:00,Q,EDGX,1.2,73,Arca,1.19,3,['R']
2021-06-23 17:06:58.229297643+00:00,2021-06-23 17:06:58.229297643+00:00,Q,EDGX,1.2,73,NASDAQ_FUTURES,1.19,5,['R']
2021-06-23 17:06:58.252812+00:00,2021-06-23 17:06:58.252812+00:00,Q,EDGX,1.2,72,NASDAQ_FUTURES,1.19,5,['R']
2021-06-23 17:15:01.685911+00:00,2021-06-23 17:15:01.685911+00:00,Q,EDGX,1.2,72,EDGX,1.19,7,['R']
2021-06-23 17:19:26.146265+00:00,2021-06-23 17:19:26.146265+00:00,Q,EDGX,1.2,64,EDGX,1.19,7,['R']
2021-06-23 17:19:54.126747+00:00,2021-06-23 17:19:54.126747+00:00,Q,EDGX,1.2,64,NASDAQ_FUTURES,1.19,5,['R']
2021-06-23 17:19:59.778302+00:00,2021-06-23 17:19:59.778302+00:00,Q,EDGX,1.2,64,EDGX,1.19,8,['R']
2021-06-23 17:20:10.554867+00:00,2021-06-23 17:20:10.554867+00:00,Q,EDGX,1.2,64,NASDAQ_FUTURES,1.19,5,['R']
2021-06-23 17:22:01.644354+00:00,2021-06-23 17:22:01.644354+00:00,Q,EDGX,1.2,61,NASDAQ_FUTURES,1.19,5,['R']
2021-06-23 17:24:02.040902591+00:00,2021-06-23 17:24:02.040902591+00:00,Q,EDGX,1.2,61,EDGX,1.19,5,['R']
2021-06-23 17:25:14.262132+00:00,2021-06-23 17:25:14.262132+00:00,Q,EDGX,1.2,61,EDGX,1.19,6,['R']
2021-06-23 17:25:14.964431+00:00,2021-06-23 17:25:14.964431+00:00,Q,EDGX,1.2,60,EDGX,1.19,6,['R']
2021-06-23 17:25:42.053883+00:00,2021-06-23 17:25:42.053883+00:00,Q,EDGX,1.2,60,EDGX,1.19,9,['R']
2021-06-23 17:25:42.053932485+00:00,2021-06-23 17:25:42.053932485+00:00,Q,EDGX,1.2,60,NASDAQ_FUTURES,1.19,8,['R']
2021-06-23 17:27:58.388368+00:00,2021-06-23 17:27:58.388368+00:00,Q,EDGX,1.2,60,NASDAQ_FUTURES,1.19,8,['R']
2021-06-23 17:32:23.897345+00:00,2021-06-23 17:32:23.897345+00:00,Q,EDGX,1.2,63,NASDAQ_FUTURES,1.19,8,['R']
2021-06-23 17:32:53.087863587+00:00,2021-06-23 17:32:53.087863587+00:00,Q,EDGX,1.2,63,Arca,1.19,7,['R']
2021-06-23 17:32:53.087877888+00:00,2021-06-23 17:32:53.087877888+00:00,Q,EDGX,1.2,63,NASDAQ_FUTURES,1.19,5,['R']
2021-06-23 17:32:53.090856+00:00,2021-06-23 17:32:53.090856+00:00,Q,EDGX,1.2,64,NASDAQ_FUTURES,1.19,5,['R']
2021-06-23 17:32:53.094414466+00:00,2021-06-23 17:32:53.094414466+00:00,Q,EDGX,1.2,64,EDGX,1.18,122,['R']
2021-06-23 17:32:53.094414466+00:00,2021-06-23 17:32:53.094414466+00:00,Q,EDGX,1.2,64,NASDAQ_FUTURES,1.19,3,['R']
2021-06-23 17:32:53.094414466+00:00,2021-06-23 17:32:53.094414466+00:00,Q,EDGX,1.2,64,NASDAQ_FUTURES,1.19,4,['R']
2021-06-23 17:32:53.120860+00:00,2021-06-23 17:32:53.120860+00:00,Q,EDGX,1.2,63,EDGX,1.18,122,['R']
2021-06-23 17:32:53.257398+00:00,2021-06-23 17:32:53.257398+00:00,Q,EDGX,1.2,63,EDGX,1.18,126,['R']
2021-06-23 17:32:53.833673+00:00,2021-06-23 17:32:53.833673+00:00,Q,EDGX,1.2,63,EDGX,1.18,122,['R']
2021-06-23 17:32:53.834999+00:00,2021-06-23 17:32:53.834999+00:00,Q,EDGX,1.2,63,EDGX,1.18,112,['R']
2021-06-23 17:32:56.377094+00:00,2021-06-23 17:32:56.377094+00:00,Q,EDGX,1.2,63,EDGX,1.18,113,['R']
2021-06-23 17:34:48.334226+00:00,2021-06-23 17:34:48.334226+00:00,Q,EDGX,1.2,63,EDGX,1.18,213,['R']
2021-06-23 17:37:00.135646+00:00,2021-06-23 17:37:00.135646+00:00,Q,EDGX,1.2,63,EDGX,1.18,214,['R']
2021-06-23 17:38:47.685541+00:00,2021-06-23 17:38:47.685541+00:00,Q,EDGX,1.2,63,EDGX,1.18,114,['R']
2021-06-23 17:43:50.651392868+00:00,2021-06-23 17:43:50.651392868+00:00,Q,EDGX,1.2,63,EDGX,1.18,113,['R']
2021-06-23 17:43:51.378699+00:00,2021-06-23 17:43:51.378699+00:00,Q,EDGX,1.2,63,EDGX,1.18,114,['R']
2021-06-23 17:48:50.033793538+00:00,2021-06-23 17:48:50.033793538+00:00,Q,EDGX,1.2,63,NASDAQ_FUTURES,1.19,3,['R']
2021-06-23 17:49:07.076624920+00:00,2021-06-23 17:49:07.076624920+00:00,Q,EDGX,1.2,63,NASDAQ_FUTURES,1.19,6,['R']
2021-06-23 17:54:50.078933+00:00,2021-06-23 17:54:50.078933+00:00,Q,EDGX,1.2,64,NASDAQ_FUTURES,1.19,6,['R']
2021-06-23 18:03:50.182214914+00:00,2021-06-23 18:03:50.182214914+00:00,Q,EDGX,1.2,64,NASDAQ_FUTURES,1.19,7,['R']
2021-06-23 18:10:02.571744+00:00,2021-06-23 18:10:02.571744+00:00,Q,EDGX,1.2,44,NASDAQ_FUTURES,1.19,7,['R']
2021-06-23 18:13:30.636074+00:00,2021-06-23 18:13:30.636074+00:00,Q,EDGX,1.2,43,NASDAQ_FUTURES,1.19,7,['R']
2021-06-23 18:13:51.506461173+00:00,2021-06-23 18:13:51.506461173+00:00,Q,EDGX,1.2,43,NASDAQ_FUTURES,1.19,15,['R']
2021-06-23 18:13:51.506487655+00:00,2021-06-23 18:13:51.506487655+00:00,Q,EDGX,1.2,43,NASDAQ_FUTURES,1.19,28,['R']
2021-06-23 18:13:51.507321387+00:00,2021-06-23 18:13:51.507321387+00:00,Q,EDGX,1.2,43,NASDAQ_FUTURES,1.19,31,['R']
2021-06-23 18:13:52.976104+00:00,2021-06-23 18:13:52.976104+00:00,Q,EDGX,1.2,40,NASDAQ_FUTURES,1.19,31,['R']
2021-06-23 18:15:20.372888086+00:00,2021-06-23 18:15:20.372888086+00:00,Q,EDGX,1.2,40,NASDAQ_FUTURES,1.19,30,['R']
2021-06-23 18:15:22.165421530+00:00,2021-06-23 18:15:22.165421530+00:00,Q,EDGX,1.2,40,NASDAQ_FUTURES,1.19,22,['R']
2021-06-23 18:15:22.165435839+00:00,2021-06-23 18:15:22.165435839+00:00,Q,EDGX,1.2,40,EDGX,1.19,20,['R']
2021-06-23 18:15:22.165644896+00:00,2021-06-23 18:15:22.165644896+00:00,Q,EDGX,1.2,40,Arca,1.19,6,['R']
2021-06-23 18:15:22.165816832+00:00,2021-06-23 18:15:22.165816832+00:00,Q,EDGX,1.2,40,NASDAQ_FUTURES,1.19,6,['R']
2021-06-23 18:16:24.800305+00:00,2021-06-23 18:16:24.800305+00:00,Q,EDGX,1.2,41,NASDAQ_FUTURES,1.19,6,['R']
2021-06-23 18:21:16.336504+00:00,2021-06-23 18:21:16.336504+00:00,Q,EDGX,1.2,56,NASDAQ_FUTURES,1.19,6,['R']
2021-06-23 18:21:20.515692+00:00,2021-06-23 18:21:20.515692+00:00,Q,EDGX,1.2,59,NASDAQ_FUTURES,1.19,6,['R']
2021-06-23 18:21:27.072848+00:00,2021-06-23 18:21:27.072848+00:00,Q,EDGX,1.2,44,NASDAQ_FUTURES,1.19,6,['R']
2021-06-23 18:21:44.536789+00:00,2021-06-23 18:21:44.536789+00:00,Q,EDGX,1.2,45,Arca,1.19,3,['R']
2021-06-23 18:21:44.536807997+00:00,2021-06-23 18:21:44.536807997+00:00,Q,EDGX,1.2,44,Arca,1.19,3,['R']
2021-06-23 18:21:44.536807997+00:00,2021-06-23 18:21:44.536807997+00:00,Q,EDGX,1.2,44,NASDAQ_FUTURES,1.19,3,['R']
2021-06-23 18:21:44.536809+00:00,2021-06-23 18:21:44.536809+00:00,Q,EDGX,1.2,46,Arca,1.19,3,['R']
2021-06-23 18:21:44.536846848+00:00,2021-06-23 18:21:44.536846848+00:00,Q,EDGX,1.2,46,EDGX,1.18,113,['R']
2021-06-23 18:21:44.537051+00:00,2021-06-23 18:21:44.537051+00:00,Q,EDGX,1.2,46,EDGX,1.18,113,['R']
2021-06-23 18:21:44.537102+00:00,2021-06-23 18:21:44.537102+00:00,Q,EDGX,1.2,46,EDGX,1.19,1,['R']
2021-06-23 18:21:44.537175+00:00,2021-06-23 18:21:44.537175+00:00,Q,EDGX,1.2,45,EDGX,1.19,1,['R']
2021-06-23 18:21:44.537465+00:00,2021-06-23 18:21:44.537465+00:00,Q,EDGX,1.2,45,EDGX,1.18,113,['R']
2021-06-23 18:21:44.537770583+00:00,2021-06-23 18:21:44.537770583+00:00,Q,EDGX,1.2,45,NASDAQ_FUTURES,1.19,1,['R']
2021-06-23 18:21:44.541637535+00:00,2021-06-23 18:21:44.541637535+00:00,Q,EDGX,1.2,45,NASDAQ_FUTURES,1.19,4,['R']
2021-06-23 18:21:44.566788+00:00,2021-06-23 18:21:44.566788+00:00,Q,EDGX,1.2,44,NASDAQ_FUTURES,1.19,4,['R']
2021-06-23 18:22:00.991463179+00:00,2021-06-23 18:22:00.991463179+00:00,Q,EDGX,1.2,44,EDGX,1.18,113,['R']
2021-06-23 18:22:00.991463179+00:00,2021-06-23 18:22:00.991463179+00:00,Q,EDGX,1.2,44,NASDAQ_FUTURES,1.19,3,['R']
2021-06-23 18:22:03.200873511+00:00,2021-06-23 18:22:03.200873511+00:00,Q,IEX,1.19,1,EDGX,1.18,113,['R']
2021-06-23 18:22:04.199936777+00:00,2021-06-23 18:22:04.199936777+00:00,Q,NASDAQ_FUTURES,1.19,1,EDGX,1.18,113,['R']
2021-06-23 18:22:05.200663288+00:00,2021-06-23 18:22:05.200663288+00:00,Q,NASDAQ_FUTURES,1.19,2,EDGX,1.18,113,['R']
2021-06-23 18:22:05.948514005+00:00,2021-06-23 18:22:05.948514005+00:00,Q,NASDAQ_FUTURES,1.19,3,EDGX,1.18,113,['R']
2021-06-23 18:22:37.695329110+00:00,2021-06-23 18:22:37.695329110+00:00,Q,NASDAQ_FUTURES,1.19,3,EDGX,1.18,113,['R']
2021-06-23 18:23:42.407330323+00:00,2021-06-23 18:23:42.407330323+00:00,Q,NASDAQ_FUTURES,1.19,4,EDGX,1.18,113,['R']
2021-06-23 18:23:56.005038534+00:00,2021-06-23 18:23:56.005038534+00:00,Q,NASDAQ_FUTURES,1.19,7,EDGX,1.18,113,['R']
2021-06-23 18:24:45.408030799+00:00,2021-06-23 18:24:45.408030799+00:00,Q,NASDAQ_FUTURES,1.19,9,EDGX,1.18,113,['R']
2021-06-23 18:26:51.267896+00:00,2021-06-23 18:26:51.267896+00:00,Q,NASDAQ_FUTURES,1.19,9,EDGX,1.18,114,['R']
2021-06-23 18:26:51.405530380+00:00,2021-06-23 18:26:51.405530380+00:00,Q,NASDAQ_FUTURES,1.19,8,EDGX,1.18,114,['R']
2021-06-23 18:26:56.267746047+00:00,2021-06-23 18:26:56.267746047+00:00,Q,NASDAQ_FUTURES,1.19,7,EDGX,1.18,114,['R']
2021-06-23 18:26:56.268436850+00:00,2021-06-23 18:26:56.268436850+00:00,Q,NASDAQ_FUTURES,1.19,10,EDGX,1.18,114,['R']
2021-06-23 18:31:27.994491872+00:00,2021-06-23 18:31:27.994491872+00:00,Q,NASDAQ_FUTURES,1.19,7,EDGX,1.18,114,['R']
2021-06-23 18:32:58.454405+00:00,2021-06-23 18:32:58.454405+00:00,Q,NASDAQ_FUTURES,1.19,7,EDGX,1.18,124,['R']
2021-06-23 18:33:06.147505444+00:00,2021-06-23 18:33:06.147505444+00:00,Q,NASDAQ_FUTURES,1.19,6,EDGX,1.18,124,['R']
2021-06-23 18:33:07.017776+00:00,2021-06-23 18:33:07.017776+00:00,Q,NASDAQ_FUTURES,1.19,6,EDGX,1.18,123,['R']
2021-06-23 18:37:08.756015655+00:00,2021-06-23 18:37:08.756015655+00:00,Q,NASDAQ_FUTURES,1.19,5,EDGX,1.18,123,['R']
2021-06-23 18:37:10.794601634+00:00,2021-06-23 18:37:10.794601634+00:00,Q,NASDAQ_FUTURES,1.19,6,EDGX,1.18,123,['R']
2021-06-23 18:37:19.352699448+00:00,2021-06-23 18:37:19.352699448+00:00,Q,EDGX,1.19,3,EDGX,1.18,123,['R']
2021-06-23 18:37:20.019025+00:00,2021-06-23 18:37:20.019025+00:00,Q,NASDAQ_FUTURES,1.19,3,EDGX,1.18,124,['R']
2021-06-23 18:37:24.363592347+00:00,2021-06-23 18:37:24.363592347+00:00,Q,NASDAQ_FUTURES,1.19,4,EDGX,1.18,124,['R']
2021-06-23 18:37:52.851447+00:00,2021-06-23 18:37:52.851447+00:00,Q,NASDAQ_FUTURES,1.19,4,EDGX,1.18,123,['R']
2021-06-23 18:39:24.768907+00:00,2021-06-23 18:39:24.768907+00:00,Q,NASDAQ_FUTURES,1.19,4,EDGX,1.18,122,['R']
2021-06-23 18:40:41.009251674+00:00,2021-06-23 18:40:41.009251674+00:00,Q,NASDAQ_FUTURES,1.19,6,EDGX,1.18,122,['R']
2021-06-23 18:40:42.393365530+00:00,2021-06-23 18:40:42.393365530+00:00,Q,NASDAQ_FUTURES,1.19,5,EDGX,1.18,122,['R']
2021-06-23 18:44:21.247841968+00:00,2021-06-23 18:44:21.247841968+00:00,Q,NASDAQ_FUTURES,1.19,8,EDGX,1.18,122,['R']
2021-06-23 18:44:54.319635438+00:00,2021-06-23 18:44:54.319635438+00:00,Q,NASDAQ_FUTURES,1.19,12,EDGX,1.18,122,['R']
2021-06-23 18:44:54.595140+00:00,2021-06-23 18:44:54.595140+00:00,Q,NASDAQ_FUTURES,1.19,12,EDGX,1.18,123,['R']
2021-06-23 18:45:01.001263335+00:00,2021-06-23 18:45:01.001263335+00:00,Q,NASDAQ_FUTURES,1.19,8,EDGX,1.18,123,['R']
2021-06-23 18:45:01.002758366+00:00,2021-06-23 18:45:01.002758366+00:00,Q,NASDAQ_FUTURES,1.19,5,EDGX,1.18,123,['R']
2021-06-23 18:45:41.347889+00:00,2021-06-23 18:45:41.347889+00:00,Q,NASDAQ_FUTURES,1.19,5,EDGX,1.18,124,['R']
2021-06-23 18:51:36.769060574+00:00,2021-06-23 18:51:36.769060574+00:00,Q,NASDAQ_FUTURES,1.19,6,EDGX,1.18,124,['R']
2021-06-23 18:51:37.615735628+00:00,2021-06-23 18:51:37.615735628+00:00,Q,NASDAQ_FUTURES,1.19,7,EDGX,1.18,124,['R']
2021-06-23 18:52:11.671087935+00:00,2021-06-23 18:52:11.671087935+00:00,Q,NASDAQ_FUTURES,1.19,6,EDGX,1.18,124,['R']
2021-06-23 18:52:16.121082606+00:00,2021-06-23 18:52:16.121082606+00:00,Q,NASDAQ_FUTURES,1.19,7,EDGX,1.18,124,['R']
2021-06-23 18:55:14.886256522+00:00,2021-06-23 18:55:14.886256522+00:00,Q,NASDAQ_FUTURES,1.19,6,EDGX,1.18,124,['R']
2021-06-23 18:59:59.308958+00:00,2021-06-23 18:59:59.308958+00:00,Q,NASDAQ_FUTURES,1.19,6,EDGX,1.18,125,['R']
2021-06-23 19:00:06.177813721+00:00,2021-06-23 19:00:06.177813721+00:00,Q,NASDAQ_FUTURES,1.19,5,EDGX,1.18,125,['R']
2021-06-23 19:00:06.256196264+00:00,2021-06-23 19:00:06.256196264+00:00,Q,NASDAQ_FUTURES,1.19,6,EDGX,1.18,125,['R']
2021-06-23 19:00:24.591843328+00:00,2021-06-23 19:00:24.591843328+00:00,Q,NSX,1.19,7,EDGX,1.18,125,['R']
2021-06-23 19:00:38.412216+00:00,2021-06-23 19:00:38.412216+00:00,Q,NSX,1.19,7,EDGX,1.18,124,['R']
2021-06-23 19:01:27.739734528+00:00,2021-06-23 19:01:27.739734528+00:00,Q,NSX,1.19,9,EDGX,1.18,124,['R']
2021-06-23 19:01:39.574480128+00:00,2021-06-23 19:01:39.574480128+00:00,Q,NASDAQ_FUTURES,1.19,5,EDGX,1.18,124,['R']
2021-06-23 19:01:39.594311168+00:00,2021-06-23 19:01:39.594311168+00:00,Q,NSX,1.19,9,EDGX,1.18,124,['R']
2021-06-23 19:02:45.002909+00:00,2021-06-23 19:02:45.002909+00:00,Q,NSX,1.19,9,EDGX,1.18,123,['R']
2021-06-23 19:02:54.577512448+00:00,2021-06-23 19:02:54.577512448+00:00,Q,NASDAQ_FUTURES,1.19,5,EDGX,1.18,123,['R']
2021-06-23 19:02:54.599207936+00:00,2021-06-23 19:02:54.599207936+00:00,Q,NSX,1.19,9,EDGX,1.18,123,['R']
2021-06-23 19:03:25.749221+00:00,2021-06-23 19:03:25.749221+00:00,Q,NSX,1.19,9,EDGX,1.18,124,['R']
2021-06-23 19:03:25.749276416+00:00,2021-06-23 19:03:25.749276416+00:00,Q,NASDAQ_FUTURES,1.19,3,EDGX,1.18,124,['R']
2021-06-23 19:03:25.749515+00:00,2021-06-23 19:03:25.749515+00:00,Q,NASDAQ_FUTURES,1.19,3,EDGX,1.18,125,['R']
2021-06-23 19:03:25.749663+00:00,2021-06-23 19:03:25.749663+00:00,Q,NASDAQ_FUTURES,1.19,3,EDGX,1.18,124,['R']
2021-06-23 19:03:25.779216+00:00,2021-06-23 19:03:25.779216+00:00,Q,NASDAQ_FUTURES,1.19,3,EDGX,1.18,123,['R']
2021-06-23 19:03:26.195226880+00:00,2021-06-23 19:03:26.195226880+00:00,Q,NSX,1.19,4,EDGX,1.18,123,['R']
2021-06-23 19:03:26.195713280+00:00,2021-06-23 19:03:26.195713280+00:00,Q,NASDAQ_FUTURES,1.19,3,EDGX,1.18,123,['R']
2021-06-23 19:07:17.902723927+00:00,2021-06-23 19:07:17.902723927+00:00,Q,NASDAQ_FUTURES,1.19,2,EDGX,1.18,123,['R']
2021-06-23 19:07:23.190792577+00:00,2021-06-23 19:07:23.190792577+00:00,Q,NASDAQ_FUTURES,1.19,3,EDGX,1.18,123,['R']
2021-06-23 19:07:41.011016+00:00,2021-06-23 19:07:41.011016+00:00,Q,NASDAQ_FUTURES,1.19,3,EDGX,1.18,124,['R']
2021-06-23 19:10:07.356226+00:00,2021-06-23 19:10:07.356226+00:00,Q,NASDAQ_FUTURES,1.19,3,EDGX,1.18,124,['R']
2021-06-23 19:10:07.356304659+00:00,2021-06-23 19:10:07.356304659+00:00,Q,EDGX,1.19,3,EDGX,1.18,124,['R']
2021-06-23 19:10:07.356358+00:00,2021-06-23 19:10:07.356358+00:00,Q,NASDAQ_FUTURES,1.19,3,EDGX,1.18,125,['R']
2021-06-23 19:10:07.356584+00:00,2021-06-23 19:10:07.356584+00:00,Q,NASDAQ_FUTURES,1.19,3,EDGX,1.18,126,['R']
2021-06-23 19:10:07.356761+00:00,2021-06-23 19:10:07.356761+00:00,Q,NASDAQ_FUTURES,1.19,3,EDGX,1.18,125,['R']
2021-06-23 19:10:07.356915+00:00,2021-06-23 19:10:07.356915+00:00,Q,NASDAQ_FUTURES,1.19,3,EDGX,1.18,124,['R']
2021-06-23 19:10:07.359479613+00:00,2021-06-23 19:10:07.359479613+00:00,Q,EDGX,1.2,33,EDGX,1.18,124,['R']
2021-06-23 19:10:07.359479613+00:00,2021-06-23 19:10:07.359479613+00:00,Q,NASDAQ_FUTURES,1.19,1,EDGX,1.18,124,['R']
2021-06-23 19:10:07.359519976+00:00,2021-06-23 19:10:07.359519976+00:00,Q,NASDAQ_FUTURES,1.19,1,EDGX,1.18,124,['R']
2021-06-23 19:10:07.359528476+00:00,2021-06-23 19:10:07.359528476+00:00,Q,NASDAQ_FUTURES,1.19,3,EDGX,1.18,124,['R']
2021-06-23 19:10:07.359771+00:00,2021-06-23 19:10:07.359771+00:00,Q,NASDAQ_FUTURES,1.19,3,EDGX,1.18,125,['R']
2021-06-23 19:10:07.360347+00:00,2021-06-23 19:10:07.360347+00:00,Q,NASDAQ_FUTURES,1.19,3,EDGX,1.18,124,['R']
2021-06-23 19:10:07.361456172+00:00,2021-06-23 19:10:07.361456172+00:00,Q,EDGX,1.2,33,EDGX,1.18,124,['R']
2021-06-23 19:10:07.361456172+00:00,2021-06-23 19:10:07.361456172+00:00,Q,NASDAQ_FUTURES,1.19,2,EDGX,1.18,124,['R']
2021-06-23 19:10:07.361497572+00:00,2021-06-23 19:10:07.361497572+00:00,Q,NASDAQ_FUTURES,1.19,2,EDGX,1.18,124,['R']
2021-06-23 19:10:07.361498597+00:00,2021-06-23 19:10:07.361498597+00:00,Q,NASDAQ_FUTURES,1.19,3,EDGX,1.18,124,['R']
2021-06-23 19:10:07.363601025+00:00,2021-06-23 19:10:07.363601025+00:00,Q,NASDAQ_FUTURES,1.19,1,EDGX,1.18,124,['R']
2021-06-23 19:10:07.363640634+00:00,2021-06-23 19:10:07.363640634+00:00,Q,NASDAQ_FUTURES,1.19,3,EDGX,1.18,124,['R']
2021-06-23 19:10:07.603145+00:00,2021-06-23 19:10:07.603145+00:00,Q,NASDAQ_FUTURES,1.19,3,EDGX,1.18,125,['R']
2021-06-23 19:10:07.618901+00:00,2021-06-23 19:10:07.618901+00:00,Q,EDGA,1.19,7,EDGX,1.18,125,['R']
2021-06-23 19:11:22.601341+00:00,2021-06-23 19:11:22.601341+00:00,Q,EDGA,1.19,3,EDGX,1.18,125,['R']
2021-06-23 19:11:22.621385+00:00,2021-06-23 19:11:22.621385+00:00,Q,EDGA,1.19,7,EDGX,1.18,125,['R']
2021-06-23 19:12:37.604295+00:00,2021-06-23 19:12:37.604295+00:00,Q,NASDAQ_FUTURES,1.19,3,EDGX,1.18,125,['R']
2021-06-23 19:12:37.623003+00:00,2021-06-23 19:12:37.623003+00:00,Q,EDGA,1.19,7,EDGX,1.18,125,['R']
2021-06-23 19:13:52.606288+00:00,2021-06-23 19:13:52.606288+00:00,Q,NASDAQ_FUTURES,1.19,3,EDGX,1.18,125,['R']
2021-06-23 19:13:52.625418+00:00,2021-06-23 19:13:52.625418+00:00,Q,EDGA,1.19,7,EDGX,1.18,125,['R']
2021-06-23 19:14:21.519574+00:00,2021-06-23 19:14:21.519574+00:00,Q,EDGA,1.19,6,EDGX,1.18,125,['R']
2021-06-23 19:15:07.609295+00:00,2021-06-23 19:15:07.609295+00:00,Q,NASDAQ_FUTURES,1.19,3,EDGX,1.18,125,['R']
2021-06-23 19:15:10.130640+00:00,2021-06-23 19:15:10.130640+00:00,Q,NASDAQ_FUTURES,1.19,3,EDGX,1.18,124,['R']
2021-06-23 19:17:39.510823+00:00,2021-06-23 19:17:39.510823+00:00,Q,EDGA,1.19,5,EDGX,1.18,124,['R']
2021-06-23 19:18:29.196694+00:00,2021-06-23 19:18:29.196694+00:00,Q,EDGA,1.19,5,EDGX,1.18,125,['R']
2021-06-23 19:18:29.310820+00:00,2021-06-23 19:18:29.310820+00:00,Q,EDGA,1.19,6,EDGX,1.18,125,['R']
2021-06-23 19:18:41.251456+00:00,2021-06-23 19:18:41.251456+00:00,Q,EDGA,1.19,6,EDGX,1.18,155,['R']
2021-06-23 19:18:54.493291+00:00,2021-06-23 19:18:54.493291+00:00,Q,NASDAQ_FUTURES,1.19,3,EDGX,1.18,155,['R']
2021-06-23 19:18:54.513202688+00:00,2021-06-23 19:18:54.513202688+00:00,Q,NSX,1.19,4,EDGX,1.18,155,['R']
2021-06-23 19:19:15.707880+00:00,2021-06-23 19:19:15.707880+00:00,Q,NSX,1.19,4,EDGX,1.18,165,['R']
2021-06-23 19:20:09.496475392+00:00,2021-06-23 19:20:09.496475392+00:00,Q,NASDAQ_FUTURES,1.19,3,EDGX,1.18,165,['R']
2021-06-23 19:20:09.517531+00:00,2021-06-23 19:20:09.517531+00:00,Q,BYX,1.19,4,EDGX,1.18,165,['R']
2021-06-23 19:20:23.002396+00:00,2021-06-23 19:20:23.002396+00:00,Q,BYX,1.19,4,EDGX,1.18,155,['R']
2021-06-23 19:20:23.003668+00:00,2021-06-23 19:20:23.003668+00:00,Q,BYX,1.19,4,EDGX,1.18,154,['R']
2021-06-23 19:20:23.703221+00:00,2021-06-23 19:20:23.703221+00:00,Q,BYX,1.19,5,EDGX,1.18,154,['R']
2021-06-23 19:20:23.792429+00:00,2021-06-23 19:20:23.792429+00:00,Q,BYX,1.19,8,EDGX,1.18,154,['R']
2021-06-23 19:21:14.934417+00:00,2021-06-23 19:21:14.934417+00:00,Q,NASDAQ_FUTURES,1.19,5,EDGX,1.18,154,['R']
2021-06-23 19:21:14.934417+00:00,2021-06-23 19:21:14.934417+00:00,Q,BYX,1.19,7,EDGX,1.18,154,['R']
2021-06-23 19:21:14.934540+00:00,2021-06-23 19:21:14.934540+00:00,Q,NASDAQ_FUTURES,1.19,5,EDGX,1.18,155,['R']
2021-06-23 19:21:14.934560+00:00,2021-06-23 19:21:14.934560+00:00,Q,NASDAQ_FUTURES,1.19,5,EDGX,1.18,154,['R']
2021-06-23 19:21:14.939217253+00:00,2021-06-23 19:21:14.939217253+00:00,Q,EDGX,1.19,1,EDGX,1.18,154,['R']
2021-06-23 19:21:14.939217253+00:00,2021-06-23 19:21:14.939217253+00:00,Q,NASDAQ_FUTURES,1.19,2,EDGX,1.18,154,['R']
2021-06-23 19:21:14.939217253+00:00,2021-06-23 19:21:14.939217253+00:00,Q,NASDAQ_FUTURES,1.19,3,EDGX,1.18,154,['R']
2021-06-23 19:21:14.939266744+00:00,2021-06-23 19:21:14.939266744+00:00,Q,NASDAQ_FUTURES,1.19,3,EDGX,1.18,154,['R']
2021-06-23 19:21:14.941496010+00:00,2021-06-23 19:21:14.941496010+00:00,Q,NASDAQ_FUTURES,1.19,2,EDGX,1.18,154,['R']
2021-06-23 19:21:14.941533771+00:00,2021-06-23 19:21:14.941533771+00:00,Q,NASDAQ_FUTURES,1.19,3,EDGX,1.18,154,['R']
2021-06-23 19:21:14.941815368+00:00,2021-06-23 19:21:14.941815368+00:00,Q,NASDAQ_FUTURES,1.19,1,EDGX,1.18,154,['R']
2021-06-23 19:21:16.822200+00:00,2021-06-23 19:21:16.822200+00:00,Q,EDGA,1.19,6,EDGX,1.18,154,['R']
2021-06-23 19:21:16.837931+00:00,2021-06-23 19:21:16.837931+00:00,Q,EDGA,1.19,9,EDGX,1.18,154,['R']
2021-06-23 19:21:18.404773+00:00,2021-06-23 19:21:18.404773+00:00,Q,EDGA,1.19,3,EDGX,1.18,154,['R']
2021-06-23 19:21:18.405481728+00:00,2021-06-23 19:21:18.405481728+00:00,Q,NSX,1.19,7,EDGX,1.18,154,['R']
2021-06-23 19:22:31.820506368+00:00,2021-06-23 19:22:31.820506368+00:00,Q,BATS,1.19,5,EDGX,1.18,154,['R']
2021-06-23 19:22:41.079401+00:00,2021-06-23 19:22:41.079401+00:00,Q,EDGA,1.19,5,EDGX,1.18,154,['R']
2021-06-23 19:22:41.079621+00:00,2021-06-23 19:22:41.079621+00:00,Q,EDGA,1.19,5,EDGX,1.18,158,['R']
2021-06-23 19:22:57.314625+00:00,2021-06-23 19:22:57.314625+00:00,Q,BATS,1.19,5,EDGX,1.18,158,['R']
2021-06-23 19:23:07.732053+00:00,2021-06-23 19:23:07.732053+00:00,Q,BATS,1.19,5,EDGX,1.18,154,['R']
2021-06-23 19:23:07.733742+00:00,2021-06-23 19:23:07.733742+00:00,Q,BATS,1.19,5,EDGX,1.18,157,['R']
2021-06-23 19:23:07.733831+00:00,2021-06-23 19:23:07.733831+00:00,Q,EDGA,1.19,5,EDGX,1.18,157,['R']
2021-06-23 19:23:33.348398+00:00,2021-06-23 19:23:33.348398+00:00,Q,EDGA,1.19,5,EDGX,1.18,167,['R']
2021-06-23 19:23:38.916913+00:00,2021-06-23 19:23:38.916913+00:00,Q,EDGA,1.19,5,EDGX,1.18,87,['R']
2021-06-23 19:23:38.919753+00:00,2021-06-23 19:23:38.919753+00:00,Q,EDGA,1.19,5,EDGX,1.18,88,['R']
2021-06-23 19:23:40.485456+00:00,2021-06-23 19:23:40.485456+00:00,Q,EDGA,1.19,6,EDGX,1.18,88,['R']
2021-06-23 19:23:47.697281+00:00,2021-06-23 19:23:47.697281+00:00,Q,BATS,1.19,5,EDGX,1.18,88,['R']
2021-06-23 19:28:41.718150+00:00,2021-06-23 19:28:41.718150+00:00,Q,BATS,1.19,5,EDGX,1.18,89,['R']
2021-06-23 19:30:37.017432+00:00,2021-06-23 19:30:37.017432+00:00,Q,EDGX,1.19,7,EDGX,1.18,89,['R']
2021-06-23 19:32:17.931895+00:00,2021-06-23 19:32:17.931895+00:00,Q,EDGX,1.19,6,EDGX,1.18,89,['R']
2021-06-23 19:32:17.931910+00:00,2021-06-23 19:32:17.931910+00:00,Q,EDGX,1.19,6,EDGX,1.18,89,['R']
2021-06-23 19:32:17.931919+00:00,2021-06-23 19:32:17.931919+00:00,Q,EDGX,1.19,6,EDGX,1.18,89,['R']
2021-06-23 19:33:08.260820+00:00,2021-06-23 19:33:08.260820+00:00,Q,EDGX,1.19,6,EDGX,1.18,89,['R']
2021-06-23 19:34:00.126607+00:00,2021-06-23 19:34:00.126607+00:00,Q,EDGX,1.19,6,EDGX,1.18,86,['R']
2021-06-23 19:34:00.140406+00:00,2021-06-23 19:34:00.140406+00:00,Q,EDGX,1.19,6,EDGX,1.18,86,['R']
2021-06-23 19:34:00.140491003+00:00,2021-06-23 19:34:00.140491003+00:00,Q,EDGX,1.2,33,EDGX,1.18,86,['R']
2021-06-23 19:34:00.140517+00:00,2021-06-23 19:34:00.140517+00:00,Q,EDGX,1.2,33,EDGX,1.18,87,['R']
2021-06-23 19:34:00.140541+00:00,2021-06-23 19:34:00.140541+00:00,Q,EDGX,1.2,33,EDGX,1.18,90,['R']
2021-06-23 19:34:00.141567+00:00,2021-06-23 19:34:00.141567+00:00,Q,EDGX,1.2,33,EDGX,1.18,88,['R']
2021-06-23 19:34:00.153971+00:00,2021-06-23 19:34:00.153971+00:00,Q,EDGX,1.2,33,EDGX,1.18,92,['R']
2021-06-23 19:34:00.165382+00:00,2021-06-23 19:34:00.165382+00:00,Q,EDGX,1.2,34,EDGX,1.18,92,['R']
2021-06-23 19:34:00.170524+00:00,2021-06-23 19:34:00.170524+00:00,Q,EDGX,1.2,34,EDGX,1.18,91,['R']
2021-06-23 19:34:00.170536+00:00,2021-06-23 19:34:00.170536+00:00,Q,EDGX,1.2,34,EDGX,1.18,90,['R']
2021-06-23 19:34:00.958446+00:00,2021-06-23 19:34:00.958446+00:00,Q,EDGX,1.2,35,EDGX,1.18,90,['R']
2021-06-23 19:34:01.657991904+00:00,2021-06-23 19:34:01.657991904+00:00,Q,NASDAQ_FUTURES,1.2,48,EDGX,1.18,90,['R']
2021-06-23 19:34:03.056412+00:00,2021-06-23 19:34:03.056412+00:00,Q,NASDAQ_FUTURES,1.2,48,EDGX,1.18,91,['R']
2021-06-23 19:34:05.027385328+00:00,2021-06-23 19:34:05.027385328+00:00,Q,NASDAQ_FUTURES,1.2,49,EDGX,1.18,91,['R']
2021-06-23 19:34:35.420158+00:00,2021-06-23 19:34:35.420158+00:00,Q,NASDAQ_FUTURES,1.2,49,EDGX,1.18,81,['R']
2021-06-23 19:34:35.491513781+00:00,2021-06-23 19:34:35.491513781+00:00,Q,NASDAQ_FUTURES,1.2,49,NASDAQ_FUTURES,1.19,10,['R']
2021-06-23 19:34:35.493762176+00:00,2021-06-23 19:34:35.493762176+00:00,Q,NASDAQ_FUTURES,1.2,49,NASDAQ_FUTURES,1.19,13,['R']
2021-06-23 19:34:35.950110753+00:00,2021-06-23 19:34:35.950110753+00:00,Q,NASDAQ_FUTURES,1.2,49,NASDAQ_FUTURES,1.19,19,['R']
2021-06-23 19:34:36.134412454+00:00,2021-06-23 19:34:36.134412454+00:00,Q,NASDAQ_FUTURES,1.2,49,NASDAQ_FUTURES,1.19,23,['R']
2021-06-23 19:34:55.427529254+00:00,2021-06-23 19:34:55.427529254+00:00,Q,NASDAQ_FUTURES,1.2,51,NASDAQ_FUTURES,1.19,23,['R']
2021-06-23 19:35:02.387366938+00:00,2021-06-23 19:35:02.387366938+00:00,Q,NASDAQ_FUTURES,1.2,50,NASDAQ_FUTURES,1.19,23,['R']
2021-06-23 19:35:02.426970237+00:00,2021-06-23 19:35:02.426970237+00:00,Q,NASDAQ_FUTURES,1.2,50,NASDAQ_FUTURES,1.19,19,['R']
2021-06-23 19:35:02.428923597+00:00,2021-06-23 19:35:02.428923597+00:00,Q,NASDAQ_FUTURES,1.2,50,NASDAQ_FUTURES,1.19,23,['R']
2021-06-23 19:35:02.434630939+00:00,2021-06-23 19:35:02.434630939+00:00,Q,NASDAQ_FUTURES,1.2,50,NASDAQ_FUTURES,1.19,19,['R']
2021-06-23 19:35:02.436365479+00:00,2021-06-23 19:35:02.436365479+00:00,Q,NASDAQ_FUTURES,1.2,50,NASDAQ_FUTURES,1.19,23,['R']
2021-06-23 19:35:02.442047573+00:00,2021-06-23 19:35:02.442047573+00:00,Q,NASDAQ_FUTURES,1.2,50,NASDAQ_FUTURES,1.19,19,['R']
2021-06-23 19:35:02.443742375+00:00,2021-06-23 19:35:02.443742375+00:00,Q,NASDAQ_FUTURES,1.2,50,NASDAQ_FUTURES,1.19,23,['R']
2021-06-23 19:35:02.448573126+00:00,2021-06-23 19:35:02.448573126+00:00,Q,NASDAQ_FUTURES,1.2,50,NASDAQ_FUTURES,1.19,19,['R']
2021-06-23 19:35:02.450395943+00:00,2021-06-23 19:35:02.450395943+00:00,Q,NASDAQ_FUTURES,1.2,50,NASDAQ_FUTURES,1.19,23,['R']
2021-06-23 19:35:02.455151355+00:00,2021-06-23 19:35:02.455151355+00:00,Q,NASDAQ_FUTURES,1.2,50,NASDAQ_FUTURES,1.19,19,['R']
2021-06-23 19:35:02.456953212+00:00,2021-06-23 19:35:02.456953212+00:00,Q,NASDAQ_FUTURES,1.2,50,NASDAQ_FUTURES,1.19,23,['R']
2021-06-23 19:35:02.461602419+00:00,2021-06-23 19:35:02.461602419+00:00,Q,NASDAQ_FUTURES,1.2,50,NASDAQ_FUTURES,1.19,19,['R']
2021-06-23 19:35:02.463379246+00:00,2021-06-23 19:35:02.463379246+00:00,Q,NASDAQ_FUTURES,1.2,50,NASDAQ_FUTURES,1.19,23,['R']
2021-06-23 19:35:02.468099803+00:00,2021-06-23 19:35:02.468099803+00:00,Q,NASDAQ_FUTURES,1.2,50,NASDAQ_FUTURES,1.19,19,['R']
2021-06-23 19:35:02.469912899+00:00,2021-06-23 19:35:02.469912899+00:00,Q,NASDAQ_FUTURES,1.2,50,NASDAQ_FUTURES,1.19,23,['R']
2021-06-23 19:35:02.474671076+00:00,2021-06-23 19:35:02.474671076+00:00,Q,NASDAQ_FUTURES,1.2,50,NASDAQ_FUTURES,1.19,19,['R']
2021-06-23 19:35:02.476607071+00:00,2021-06-23 19:35:02.476607071+00:00,Q,NASDAQ_FUTURES,1.2,50,NASDAQ_FUTURES,1.19,23,['R']
2021-06-23 19:35:02.481407273+00:00,2021-06-23 19:35:02.481407273+00:00,Q,NASDAQ_FUTURES,1.2,50,NASDAQ_FUTURES,1.19,19,['R']
2021-06-23 19:35:02.483160061+00:00,2021-06-23 19:35:02.483160061+00:00,Q,NASDAQ_FUTURES,1.2,50,NASDAQ_FUTURES,1.19,23,['R']
2021-06-23 19:35:02.487986802+00:00,2021-06-23 19:35:02.487986802+00:00,Q,NASDAQ_FUTURES,1.2,50,NASDAQ_FUTURES,1.19,19,['R']
2021-06-23 19:35:02.489810784+00:00,2021-06-23 19:35:02.489810784+00:00,Q,NASDAQ_FUTURES,1.2,50,NASDAQ_FUTURES,1.19,23,['R']
2021-06-23 19:35:02.494339990+00:00,2021-06-23 19:35:02.494339990+00:00,Q,NASDAQ_FUTURES,1.2,50,NASDAQ_FUTURES,1.19,19,['R']
2021-06-23 19:35:24.131150488+00:00,2021-06-23 19:35:24.131150488+00:00,Q,NASDAQ_FUTURES,1.2,50,NASDAQ_FUTURES,1.19,23,['R']
2021-06-23 19:35:41.975145746+00:00,2021-06-23 19:35:41.975145746+00:00,Q,NASDAQ_FUTURES,1.2,51,NASDAQ_FUTURES,1.19,23,['R']
2021-06-23 19:38:43.997632945+00:00,2021-06-23 19:38:43.997632945+00:00,Q,NASDAQ_FUTURES,1.2,50,NASDAQ_FUTURES,1.19,23,['R']
2021-06-23 19:38:46.102901670+00:00,2021-06-23 19:38:46.102901670+00:00,Q,NASDAQ_FUTURES,1.2,50,NASDAQ_FUTURES,1.19,13,['R']
2021-06-23 19:38:46.176436224+00:00,2021-06-23 19:38:46.176436224+00:00,Q,NASDAQ_FUTURES,1.2,50,NASDAQ_FUTURES,1.19,9,['R']
2021-06-23 19:38:46.176530965+00:00,2021-06-23 19:38:46.176530965+00:00,Q,NASDAQ_FUTURES,1.2,50,Arca,1.19,10,['R']
2021-06-23 19:38:46.178122644+00:00,2021-06-23 19:38:46.178122644+00:00,Q,NASDAQ_FUTURES,1.2,50,NASDAQ_FUTURES,1.19,12,['R']
2021-06-23 19:39:57.417396752+00:00,2021-06-23 19:39:57.417396752+00:00,Q,NASDAQ_FUTURES,1.2,51,NASDAQ_FUTURES,1.19,12,['R']
2021-06-23 19:40:01.408291530+00:00,2021-06-23 19:40:01.408291530+00:00,Q,NASDAQ_FUTURES,1.2,51,NASDAQ_FUTURES,1.19,13,['R']
2021-06-23 19:40:01.409062198+00:00,2021-06-23 19:40:01.409062198+00:00,Q,NASDAQ_FUTURES,1.2,49,NASDAQ_FUTURES,1.19,13,['R']
2021-06-23 19:40:01.409222856+00:00,2021-06-23 19:40:01.409222856+00:00,Q,NASDAQ_FUTURES,1.2,49,NASDAQ_FUTURES,1.19,12,['R']
2021-06-23 19:40:10.001088629+00:00,2021-06-23 19:40:10.001088629+00:00,Q,NASDAQ_FUTURES,1.2,50,NASDAQ_FUTURES,1.19,12,['R']
2021-06-23 19:41:21.052547320+00:00,2021-06-23 19:41:21.052547320+00:00,Q,NASDAQ_FUTURES,1.2,51,NASDAQ_FUTURES,1.19,12,['R']
2021-06-23 19:41:21.901586370+00:00,2021-06-23 19:41:21.901586370+00:00,Q,NASDAQ_FUTURES,1.2,51,NASDAQ_FUTURES,1.19,15,['R']
2021-06-23 19:41:21.903625958+00:00,2021-06-23 19:41:21.903625958+00:00,Q,NASDAQ_FUTURES,1.2,51,NASDAQ_FUTURES,1.19,12,['R']
2021-06-23 19:41:21.905311696+00:00,2021-06-23 19:41:21.905311696+00:00,Q,NASDAQ_FUTURES,1.2,51,NASDAQ_FUTURES,1.19,15,['R']
2021-06-23 19:41:22.662778761+00:00,2021-06-23 19:41:22.662778761+00:00,Q,NASDAQ_FUTURES,1.2,50,NASDAQ_FUTURES,1.19,15,['R']
2021-06-23 19:41:22.830864431+00:00,2021-06-23 19:41:22.830864431+00:00,Q,NASDAQ_FUTURES,1.2,51,NASDAQ_FUTURES,1.19,15,['R']
2021-06-23 19:41:22.991145655+00:00,2021-06-23 19:41:22.991145655+00:00,Q,NASDAQ_FUTURES,1.2,50,NASDAQ_FUTURES,1.19,15,['R']
2021-06-23 19:41:23.003649982+00:00,2021-06-23 19:41:23.003649982+00:00,Q,NASDAQ_FUTURES,1.2,51,NASDAQ_FUTURES,1.19,15,['R']
2021-06-23 19:41:24.732600+00:00,2021-06-23 19:41:24.732600+00:00,Q,NASDAQ_FUTURES,1.2,51,EDGX,1.19,52,['R']
2021-06-23 19:41:34.274224+00:00,2021-06-23 19:41:34.274224+00:00,Q,NASDAQ_FUTURES,1.2,51,EDGX,1.19,54,['R']
2021-06-23 19:42:07.532379+00:00,2021-06-23 19:42:07.532379+00:00,Q,NASDAQ_FUTURES,1.2,51,EDGX,1.19,52,['R']
2021-06-23 19:42:22.989963524+00:00,2021-06-23 19:42:22.989963524+00:00,Q,NASDAQ_FUTURES,1.2,50,EDGX,1.19,52,['R']
2021-06-23 19:42:23.828413157+00:00,2021-06-23 19:42:23.828413157+00:00,Q,NASDAQ_FUTURES,1.2,51,EDGX,1.19,52,['R']
2021-06-23 19:42:26.512643863+00:00,2021-06-23 19:42:26.512643863+00:00,Q,NASDAQ_FUTURES,1.2,50,EDGX,1.19,52,['R']
2021-06-23 19:42:27.027796753+00:00,2021-06-23 19:42:27.027796753+00:00,Q,NASDAQ_FUTURES,1.2,51,EDGX,1.19,52,['R']
2021-06-23 19:42:27.246822838+00:00,2021-06-23 19:42:27.246822838+00:00,Q,NASDAQ_FUTURES,1.2,50,EDGX,1.19,52,['R']
2021-06-23 19:42:28.483186054+00:00,2021-06-23 19:42:28.483186054+00:00,Q,NASDAQ_FUTURES,1.2,49,EDGX,1.19,52,['R']
2021-06-23 19:42:28.614336411+00:00,2021-06-23 19:42:28.614336411+00:00,Q,NASDAQ_FUTURES,1.2,50,EDGX,1.19,52,['R']
2021-06-23 19:42:30.017811453+00:00,2021-06-23 19:42:30.017811453+00:00,Q,NASDAQ_FUTURES,1.2,49,EDGX,1.19,52,['R']
2021-06-23 19:42:30.668481418+00:00,2021-06-23 19:42:30.668481418+00:00,Q,NASDAQ_FUTURES,1.2,50,EDGX,1.19,52,['R']
2021-06-23 19:42:32.309257593+00:00,2021-06-23 19:42:32.309257593+00:00,Q,NASDAQ_FUTURES,1.2,49,EDGX,1.19,52,['R']
2021-06-23 19:42:34.374479611+00:00,2021-06-23 19:42:34.374479611+00:00,Q,NASDAQ_FUTURES,1.2,50,EDGX,1.19,52,['R']
2021-06-23 19:42:35.738730959+00:00,2021-06-23 19:42:35.738730959+00:00,Q,NASDAQ_FUTURES,1.2,49,EDGX,1.19,52,['R']
2021-06-23 19:42:36.113635724+00:00,2021-06-23 19:42:36.113635724+00:00,Q,NASDAQ_FUTURES,1.2,50,EDGX,1.19,52,['R']
2021-06-23 19:42:37.387291825+00:00,2021-06-23 19:42:37.387291825+00:00,Q,NASDAQ_FUTURES,1.2,49,EDGX,1.19,52,['R']
2021-06-23 19:42:38.714299898+00:00,2021-06-23 19:42:38.714299898+00:00,Q,NASDAQ_FUTURES,1.2,50,EDGX,1.19,52,['R']
2021-06-23 19:42:40.196903655+00:00,2021-06-23 19:42:40.196903655+00:00,Q,NASDAQ_FUTURES,1.2,49,EDGX,1.19,52,['R']
2021-06-23 19:42:40.642373538+00:00,2021-06-23 19:42:40.642373538+00:00,Q,NASDAQ_FUTURES,1.2,50,EDGX,1.19,52,['R']
2021-06-23 19:42:42.391991702+00:00,2021-06-23 19:42:42.391991702+00:00,Q,NASDAQ_FUTURES,1.2,49,EDGX,1.19,52,['R']
2021-06-23 19:42:44.119790391+00:00,2021-06-23 19:42:44.119790391+00:00,Q,NASDAQ_FUTURES,1.2,50,EDGX,1.19,52,['R']
2021-06-23 19:42:45.339240800+00:00,2021-06-23 19:42:45.339240800+00:00,Q,NASDAQ_FUTURES,1.2,49,EDGX,1.19,52,['R']
2021-06-23 19:42:45.911844891+00:00,2021-06-23 19:42:45.911844891+00:00,Q,NASDAQ_FUTURES,1.2,50,EDGX,1.19,52,['R']
2021-06-23 19:42:47.704986286+00:00,2021-06-23 19:42:47.704986286+00:00,Q,NASDAQ_FUTURES,1.2,49,EDGX,1.19,52,['R']
2021-06-23 19:42:48.026118608+00:00,2021-06-23 19:42:48.026118608+00:00,Q,NASDAQ_FUTURES,1.2,50,EDGX,1.19,52,['R']
2021-06-23 19:42:49.422723046+00:00,2021-06-23 19:42:49.422723046+00:00,Q,NASDAQ_FUTURES,1.2,49,EDGX,1.19,52,['R']
2021-06-23 19:42:50.015162963+00:00,2021-06-23 19:42:50.015162963+00:00,Q,NASDAQ_FUTURES,1.2,50,EDGX,1.19,52,['R']
2021-06-23 19:42:51.936310294+00:00,2021-06-23 19:42:51.936310294+00:00,Q,NASDAQ_FUTURES,1.2,49,EDGX,1.19,52,['R']
2021-06-23 19:42:52.741925749+00:00,2021-06-23 19:42:52.741925749+00:00,Q,NASDAQ_FUTURES,1.2,50,EDGX,1.19,52,['R']
2021-06-23 19:42:54.043393784+00:00,2021-06-23 19:42:54.043393784+00:00,Q,NASDAQ_FUTURES,1.2,49,EDGX,1.19,52,['R']
2021-06-23 19:42:54.601411923+00:00,2021-06-23 19:42:54.601411923+00:00,Q,NASDAQ_FUTURES,1.2,50,EDGX,1.19,52,['R']
2021-06-23 19:42:55.051719818+00:00,2021-06-23 19:42:55.051719818+00:00,Q,NASDAQ_FUTURES,1.2,49,EDGX,1.19,52,['R']
2021-06-23 19:42:55.051777032+00:00,2021-06-23 19:42:55.051777032+00:00,Q,NASDAQ_FUTURES,1.2,48,EDGX,1.19,52,['R']
