timestamp,timestamp,timestamp,timestamp,seq_num,tick_type,ask_exchange,bid_exchange,bid_price,bid_size,ask_price,ask_size
2021-06-23 08:00:00.000645+00:00,2021-06-23 08:00:00.000645+00:00,2021-06-23 08:00:00.000645+00:00,2021-06-23 08:00:00.000645+00:00,0,Q,EDGX, ,0.0,0,1.3,10
2021-06-23 08:00:00.000645+00:00,2021-06-23 08:00:00.000645+00:00,2021-06-23 08:00:00.000645+00:00,2021-06-23 08:00:00.000645+00:00,1,Q,EDGX,EDGX,1.16,3,1.3,10
2021-06-23 08:00:00.000645+00:00,2021-06-23 08:00:00.000645+00:00,2021-06-23 08:00:00.000645+00:00,2021-06-23 08:00:00.000645+00:00,2,Q,EDGX,EDGX,1.1,5,1.3,10
2021-06-23 08:00:00.000645+00:00,2021-06-23 08:00:00.000645+00:00,2021-06-23 08:00:00.000645+00:00,2021-06-23 08:00:00.000645+00:00,3,Q,EDGX, ,0.0,0,1.97,1
2021-06-23 08:00:08.122849+00:00,2021-06-23 08:00:08.122849+00:00,2021-06-23 08:00:08.122849+00:00,2021-06-23 08:00:08.122849+00:00,4,Q,EDGX,Arca,1.13,1,1.3,10
2021-06-23 08:00:08.123036+00:00,2021-06-23 08:00:08.123036+00:00,2021-06-23 08:00:08.123036+00:00,2021-06-23 08:00:08.123036+00:00,5,Q,Arca,Arca,1.13,1,1.55,10
2021-06-23 08:00:08.124417536+00:00,2021-06-23 08:00:08.124417536+00:00,2021-06-23 08:00:08.124417536+00:00,2021-06-23 08:00:08.124417536+00:00,6,Q,EDGX,Arca,1.16,3,1.5,3
2021-06-23 08:00:08.124530+00:00,2021-06-23 08:00:08.124530+00:00,2021-06-23 08:00:08.124530+00:00,2021-06-23 08:00:08.124530+00:00,7,Q,EDGX,Arca,1.13,1,1.5,3
2021-06-23 08:00:08.125852+00:00,2021-06-23 08:00:08.125852+00:00,2021-06-23 08:00:08.125852+00:00,2021-06-23 08:00:08.125852+00:00,8,Q,EDGX,Arca,1.16,3,1.3,10
2021-06-23 08:00:10.310418688+00:00,2021-06-23 08:00:10.310418688+00:00,2021-06-23 08:00:10.310418688+00:00,2021-06-23 08:00:10.310418688+00:00,9,Q,Arca,Arca,1.16,3,1.17,6
2021-06-23 08:00:15.414592512+00:00,2021-06-23 08:00:15.414592512+00:00,2021-06-23 08:00:15.414592512+00:00,2021-06-23 08:00:15.414592512+00:00,10,Q,Arca,Arca,1.16,3,1.17,4
2021-06-23 08:00:20.534772224+00:00,2021-06-23 08:00:20.534772224+00:00,2021-06-23 08:00:20.534772224+00:00,2021-06-23 08:00:20.534772224+00:00,11,Q,Arca,Arca,1.16,3,1.17,2
2021-06-23 08:01:01.809202688+00:00,2021-06-23 08:01:01.809202688+00:00,2021-06-23 08:01:01.809202688+00:00,2021-06-23 08:01:01.809202688+00:00,12,Q,Arca,Arca,1.16,8,1.17,2
2021-06-23 08:01:02.591071232+00:00,2021-06-23 08:01:02.591071232+00:00,2021-06-23 08:01:02.591071232+00:00,2021-06-23 08:01:02.591071232+00:00,13,Q,Arca,Arca,1.16,3,1.17,2
2021-06-23 08:01:48.216365824+00:00,2021-06-23 08:01:48.216365824+00:00,2021-06-23 08:01:48.216365824+00:00,2021-06-23 08:01:48.216365824+00:00,14,Q,EDGX,Arca,1.16,3,1.3,10
2021-06-23 08:04:01.588172288+00:00,2021-06-23 08:04:01.588172288+00:00,2021-06-23 08:04:01.588172288+00:00,2021-06-23 08:04:01.588172288+00:00,15,Q,EDGX,Arca,1.16,9,1.3,10
2021-06-23 08:21:14.187163904+00:00,2021-06-23 08:21:14.187163904+00:00,2021-06-23 08:21:14.187163904+00:00,2021-06-23 08:21:14.187163904+00:00,16,Q,EDGX,Arca,1.16,12,1.3,10
2021-06-23 08:21:18.366778624+00:00,2021-06-23 08:21:18.366778624+00:00,2021-06-23 08:21:18.366778624+00:00,2021-06-23 08:21:18.366778624+00:00,17,Q,EDGX,Arca,1.2,2,1.3,10
2021-06-23 08:21:20.106908416+00:00,2021-06-23 08:21:20.106908416+00:00,2021-06-23 08:21:20.106908416+00:00,2021-06-23 08:21:20.106908416+00:00,18,Q,EDGX,Arca,1.16,12,1.3,10
2021-06-23 08:24:15.348448256+00:00,2021-06-23 08:24:15.348448256+00:00,2021-06-23 08:24:15.348448256+00:00,2021-06-23 08:24:15.348448256+00:00,19,Q,EDGX,Arca,1.17,1,1.3,10
2021-06-23 08:26:47.457006336+00:00,2021-06-23 08:26:47.457006336+00:00,2021-06-23 08:26:47.457006336+00:00,2021-06-23 08:26:47.457006336+00:00,20,Q,EDGX,Arca,1.17,3,1.3,10
2021-06-23 08:38:55.785169664+00:00,2021-06-23 08:38:55.785169664+00:00,2021-06-23 08:38:55.785169664+00:00,2021-06-23 08:38:55.785169664+00:00,21,Q,EDGX,Arca,1.17,6,1.3,10
2021-06-23 08:52:55.417563648+00:00,2021-06-23 08:52:55.417563648+00:00,2021-06-23 08:52:55.417563648+00:00,2021-06-23 08:52:55.417563648+00:00,22,Q,EDGX,Arca,1.17,11,1.3,10
2021-06-23 09:47:48.542488576+00:00,2021-06-23 09:47:48.542488576+00:00,2021-06-23 09:47:48.542488576+00:00,2021-06-23 09:47:48.542488576+00:00,23,Q,EDGX,Arca,1.17,13,1.3,10
2021-06-23 09:47:49.456938752+00:00,2021-06-23 09:47:49.456938752+00:00,2021-06-23 09:47:49.456938752+00:00,2021-06-23 09:47:49.456938752+00:00,24,Q,EDGX,Arca,1.17,15,1.3,10
2021-06-23 10:54:24.480764928+00:00,2021-06-23 10:54:24.480764928+00:00,2021-06-23 10:54:24.480764928+00:00,2021-06-23 10:54:24.480764928+00:00,25,Q,EDGX,Arca,1.17,13,1.3,10
2021-06-23 10:54:24.480789760+00:00,2021-06-23 10:54:24.480789760+00:00,2021-06-23 10:54:24.480789760+00:00,2021-06-23 10:54:24.480789760+00:00,26,Q,EDGX,Arca,1.17,11,1.3,10
2021-06-23 10:54:24.480851200+00:00,2021-06-23 10:54:24.480851200+00:00,2021-06-23 10:54:24.480851200+00:00,2021-06-23 10:54:24.480851200+00:00,27,Q,EDGX,Arca,1.17,6,1.3,10
2021-06-23 10:54:24.483261440+00:00,2021-06-23 10:54:24.483261440+00:00,2021-06-23 10:54:24.483261440+00:00,2021-06-23 10:54:24.483261440+00:00,28,Q,EDGX,Arca,1.17,10,1.3,10
2021-06-23 11:00:00.000817+00:00,2021-06-23 11:00:00.000817+00:00,2021-06-23 11:00:00.000817+00:00,2021-06-23 11:00:00.000817+00:00,29,Q,EDGX,EDGX,1.21,1,1.3,10
2021-06-23 11:00:00.820268+00:00,2021-06-23 11:00:00.820268+00:00,2021-06-23 11:00:00.820268+00:00,2021-06-23 11:00:00.820268+00:00,30,Q,EDGX,EDGX,1.21,1,1.26,5
2021-06-23 11:14:01.290595+00:00,2021-06-23 11:14:01.290595+00:00,2021-06-23 11:14:01.290595+00:00,2021-06-23 11:14:01.290595+00:00,31,Q,EDGX,Arca,1.17,11,1.26,5
2021-06-23 11:18:23.384197888+00:00,2021-06-23 11:18:23.384197888+00:00,2021-06-23 11:18:23.384197888+00:00,2021-06-23 11:18:23.384197888+00:00,32,Q,EDGX,Arca,1.17,12,1.26,5
2021-06-23 11:23:02.540554+00:00,2021-06-23 11:23:02.540554+00:00,2021-06-23 11:23:02.540554+00:00,2021-06-23 11:23:02.540554+00:00,33,Q,EDGX,Arca,1.17,12,1.24,1
2021-06-23 11:32:38.878090+00:00,2021-06-23 11:32:38.878090+00:00,2021-06-23 11:32:38.878090+00:00,2021-06-23 11:32:38.878090+00:00,34,Q,EDGX,Arca,1.17,12,1.22,1
2021-06-23 11:59:37.304883+00:00,2021-06-23 11:59:37.304883+00:00,2021-06-23 11:59:37.304883+00:00,2021-06-23 11:59:37.304883+00:00,35,Q,EDGX,Arca,1.17,12,1.21,1
2021-06-23 12:04:05.204873728+00:00,2021-06-23 12:04:05.204873728+00:00,2021-06-23 12:04:05.204873728+00:00,2021-06-23 12:04:05.204873728+00:00,36,Q,Arca,Arca,1.17,12,1.21,2
2021-06-23 12:23:48.903300+00:00,2021-06-23 12:23:48.903300+00:00,2021-06-23 12:23:48.903300+00:00,2021-06-23 12:23:48.903300+00:00,37,Q,BATS,Arca,1.17,12,1.2,2
2021-06-23 12:27:20.926916+00:00,2021-06-23 12:27:20.926916+00:00,2021-06-23 12:27:20.926916+00:00,2021-06-23 12:27:20.926916+00:00,38,Q,BATS,EDGX,1.19,20,1.2,2
2021-06-23 13:04:00.833172+00:00,2021-06-23 13:04:00.833172+00:00,2021-06-23 13:04:00.833172+00:00,2021-06-23 13:04:00.833172+00:00,39,Q,Arca,EDGX,1.19,20,1.21,2
2021-06-23 13:20:50.956989184+00:00,2021-06-23 13:20:50.956989184+00:00,2021-06-23 13:20:50.956989184+00:00,2021-06-23 13:20:50.956989184+00:00,40,Q,EDGX,EDGX,1.19,20,1.22,1
2021-06-23 13:25:00.358536+00:00,2021-06-23 13:25:00.358536+00:00,2021-06-23 13:25:00.358536+00:00,2021-06-23 13:25:00.358536+00:00,41,Q,EDGX,EDGX,1.19,20,1.22,1
2021-06-23 13:27:52.964249+00:00,2021-06-23 13:27:52.964249+00:00,2021-06-23 13:27:52.964249+00:00,2021-06-23 13:27:52.964249+00:00,42,Q,EDGX,EDGX,1.19,20,1.22,1
2021-06-23 13:30:01.079665376+00:00,2021-06-23 13:30:01.079665376+00:00,2021-06-23 13:30:01.079665376+00:00,2021-06-23 13:30:01.079665376+00:00,43,Q,NASDAQ_FUTURES,EDGX,1.19,20,1.21,1
2021-06-23 13:30:01.331907774+00:00,2021-06-23 13:30:01.331907774+00:00,2021-06-23 13:30:01.331907774+00:00,2021-06-23 13:30:01.331907774+00:00,44,Q,NASDAQ_FUTURES,EDGX,1.19,20,1.21,2
2021-06-23 13:30:01.335667226+00:00,2021-06-23 13:30:01.335667226+00:00,2021-06-23 13:30:01.335667226+00:00,2021-06-23 13:30:01.335667226+00:00,46,Q,EDGX,EDGX,1.19,20,1.21,1
2021-06-23 13:30:01.361837+00:00,2021-06-23 13:30:01.361837+00:00,2021-06-23 13:30:01.361837+00:00,2021-06-23 13:30:01.361837+00:00,48,Q,NASDAQ_FUTURES,EDGX,1.19,20,1.21,1
2021-06-23 13:30:01.361908399+00:00,2021-06-23 13:30:01.361908399+00:00,2021-06-23 13:30:01.361908399+00:00,2021-06-23 13:30:01.361908399+00:00,49,Q,EDGX,EDGX,1.19,20,1.22,1
2021-06-23 13:30:01.388547811+00:00,2021-06-23 13:30:01.388547811+00:00,2021-06-23 13:30:01.388547811+00:00,2021-06-23 13:30:01.388547811+00:00,51,Q,EDGX,EDGX,1.19,20,1.22,1
2021-06-23 13:30:01.399010511+00:00,2021-06-23 13:30:01.399010511+00:00,2021-06-23 13:30:01.399010511+00:00,2021-06-23 13:30:01.399010511+00:00,53,Q,NASDAQ_FUTURES,EDGX,1.19,20,1.21,1
2021-06-23 13:30:01.399266541+00:00,2021-06-23 13:30:01.399266541+00:00,2021-06-23 13:30:01.399266541+00:00,2021-06-23 13:30:01.399266541+00:00,54,Q,EDGX,EDGX,1.19,20,1.22,1
2021-06-23 13:30:01.401071512+00:00,2021-06-23 13:30:01.401071512+00:00,2021-06-23 13:30:01.401071512+00:00,2021-06-23 13:30:01.401071512+00:00,56,Q,NASDAQ_FUTURES,EDGX,1.19,20,1.21,1
2021-06-23 13:30:01.401241547+00:00,2021-06-23 13:30:01.401241547+00:00,2021-06-23 13:30:01.401241547+00:00,2021-06-23 13:30:01.401241547+00:00,57,Q,EDGX,EDGX,1.19,20,1.22,1
2021-06-23 13:30:01.411450929+00:00,2021-06-23 13:30:01.411450929+00:00,2021-06-23 13:30:01.411450929+00:00,2021-06-23 13:30:01.411450929+00:00,59,Q,EDGX,EDGX,1.19,20,1.22,1
2021-06-23 13:30:01.444574120+00:00,2021-06-23 13:30:01.444574120+00:00,2021-06-23 13:30:01.444574120+00:00,2021-06-23 13:30:01.444574120+00:00,60,Q,NASDAQ_FUTURES,EDGX,1.19,20,1.21,1
2021-06-23 13:30:01.445619420+00:00,2021-06-23 13:30:01.445619420+00:00,2021-06-23 13:30:01.445619420+00:00,2021-06-23 13:30:01.445619420+00:00,61,Q,EDGX,EDGX,1.19,20,1.22,1
2021-06-23 13:30:01.446529018+00:00,2021-06-23 13:30:01.446529018+00:00,2021-06-23 13:30:01.446529018+00:00,2021-06-23 13:30:01.446529018+00:00,62,Q,NASDAQ_FUTURES,EDGX,1.19,20,1.21,1
2021-06-23 13:30:01.447503611+00:00,2021-06-23 13:30:01.447503611+00:00,2021-06-23 13:30:01.447503611+00:00,2021-06-23 13:30:01.447503611+00:00,63,Q,EDGX,EDGX,1.19,20,1.22,1
2021-06-23 13:30:01.448418688+00:00,2021-06-23 13:30:01.448418688+00:00,2021-06-23 13:30:01.448418688+00:00,2021-06-23 13:30:01.448418688+00:00,64,Q,NASDAQ_FUTURES,EDGX,1.19,20,1.21,1
2021-06-23 13:30:01.449616833+00:00,2021-06-23 13:30:01.449616833+00:00,2021-06-23 13:30:01.449616833+00:00,2021-06-23 13:30:01.449616833+00:00,65,Q,EDGX,EDGX,1.19,20,1.22,1
2021-06-23 13:30:02.018661962+00:00,2021-06-23 13:30:02.018661962+00:00,2021-06-23 13:30:02.018661962+00:00,2021-06-23 13:30:02.018661962+00:00,66,Q,NASDAQ_FUTURES,EDGX,1.19,20,1.21,1
2021-06-23 13:30:02.025678289+00:00,2021-06-23 13:30:02.025678289+00:00,2021-06-23 13:30:02.025678289+00:00,2021-06-23 13:30:02.025678289+00:00,67,Q,EDGX,EDGX,1.19,20,1.22,1
2021-06-23 13:30:02.054462275+00:00,2021-06-23 13:30:02.054462275+00:00,2021-06-23 13:30:02.054462275+00:00,2021-06-23 13:30:02.054462275+00:00,68,Q,NASDAQ_FUTURES,EDGX,1.19,20,1.2,32
2021-06-23 13:30:02.054608536+00:00,2021-06-23 13:30:02.054608536+00:00,2021-06-23 13:30:02.054608536+00:00,2021-06-23 13:30:02.054608536+00:00,69,Q,EDGX,EDGX,1.19,20,1.22,1
2021-06-23 13:30:03.404308627+00:00,2021-06-23 13:30:03.404308627+00:00,2021-06-23 13:30:03.404308627+00:00,2021-06-23 13:30:03.404308627+00:00,70,Q,NASDAQ_FUTURES,EDGX,1.19,20,1.2,34
2021-06-23 13:30:03.405636056+00:00,2021-06-23 13:30:03.405636056+00:00,2021-06-23 13:30:03.405636056+00:00,2021-06-23 13:30:03.405636056+00:00,71,Q,NASDAQ_FUTURES,EDGX,1.19,20,1.2,32
2021-06-23 13:30:03.407846760+00:00,2021-06-23 13:30:03.407846760+00:00,2021-06-23 13:30:03.407846760+00:00,2021-06-23 13:30:03.407846760+00:00,72,Q,NASDAQ_FUTURES,EDGX,1.19,20,1.2,33
2021-06-23 13:30:03.409106144+00:00,2021-06-23 13:30:03.409106144+00:00,2021-06-23 13:30:03.409106144+00:00,2021-06-23 13:30:03.409106144+00:00,73,Q,NASDAQ_FUTURES,EDGX,1.19,20,1.2,32
2021-06-23 13:30:03.415093215+00:00,2021-06-23 13:30:03.415093215+00:00,2021-06-23 13:30:03.415093215+00:00,2021-06-23 13:30:03.415093215+00:00,74,Q,NASDAQ_FUTURES,EDGX,1.19,20,1.2,33
2021-06-23 13:30:03.415106532+00:00,2021-06-23 13:30:03.415106532+00:00,2021-06-23 13:30:03.415106532+00:00,2021-06-23 13:30:03.415106532+00:00,75,Q,NASDAQ_FUTURES,EDGX,1.19,20,1.2,34
2021-06-23 13:30:08.468599+00:00,2021-06-23 13:30:08.468599+00:00,2021-06-23 13:30:08.468599+00:00,2021-06-23 13:30:08.468599+00:00,76,Q,NASDAQ_FUTURES,EDGX,1.19,21,1.2,34
2021-06-23 13:30:13.189266+00:00,2021-06-23 13:30:13.189266+00:00,2021-06-23 13:30:13.189266+00:00,2021-06-23 13:30:13.189266+00:00,77,Q,NASDAQ_FUTURES,Arca,1.19,17,1.2,35
2021-06-23 13:30:13.189448211+00:00,2021-06-23 13:30:13.189448211+00:00,2021-06-23 13:30:13.189448211+00:00,2021-06-23 13:30:13.189448211+00:00,78,Q,NASDAQ_FUTURES,EDGX,1.19,21,1.2,35
2021-06-23 13:30:13.189455104+00:00,2021-06-23 13:30:13.189455104+00:00,2021-06-23 13:30:13.189455104+00:00,2021-06-23 13:30:13.189455104+00:00,79,Q,NASDAQ_FUTURES,Arca,1.19,1,1.2,35
2021-06-23 13:30:13.189545728+00:00,2021-06-23 13:30:13.189545728+00:00,2021-06-23 13:30:13.189545728+00:00,2021-06-23 13:30:13.189545728+00:00,80,Q,NASDAQ_FUTURES,Arca,1.18,20,1.2,35
2021-06-23 13:30:13.195598022+00:00,2021-06-23 13:30:13.195598022+00:00,2021-06-23 13:30:13.195598022+00:00,2021-06-23 13:30:13.195598022+00:00,81,Q,NASDAQ_FUTURES,NASDAQ_FUTURES,1.19,16,1.2,35
2021-06-23 13:30:13.195620109+00:00,2021-06-23 13:30:13.195620109+00:00,2021-06-23 13:30:13.195620109+00:00,2021-06-23 13:30:13.195620109+00:00,82,Q,NASDAQ_FUTURES,NASDAQ_FUTURES,1.19,16,1.2,34
2021-06-23 13:30:13.204870441+00:00,2021-06-23 13:30:13.204870441+00:00,2021-06-23 13:30:13.204870441+00:00,2021-06-23 13:30:13.204870441+00:00,83,Q,NASDAQ_FUTURES,BATS,1.19,16,1.2,35
2021-06-23 13:30:15.830216235+00:00,2021-06-23 13:30:15.830216235+00:00,2021-06-23 13:30:15.830216235+00:00,2021-06-23 13:30:15.830216235+00:00,84,Q,NASDAQ_FUTURES,NASDAQ_FUTURES,1.19,17,1.2,35
2021-06-23 13:30:52.417540774+00:00,2021-06-23 13:30:52.417540774+00:00,2021-06-23 13:30:52.417540774+00:00,2021-06-23 13:30:52.417540774+00:00,85,Q,NASDAQ_FUTURES,Arca,1.19,16,1.2,35
2021-06-23 13:30:52.417573043+00:00,2021-06-23 13:30:52.417573043+00:00,2021-06-23 13:30:52.417573043+00:00,2021-06-23 13:30:52.417573043+00:00,86,Q,NASDAQ_FUTURES,Arca,1.19,16,1.2,36
2021-06-23 13:30:52.447572189+00:00,2021-06-23 13:30:52.447572189+00:00,2021-06-23 13:30:52.447572189+00:00,2021-06-23 13:30:52.447572189+00:00,87,Q,NASDAQ_FUTURES,Arca,1.19,16,1.2,35
2021-06-23 13:31:32.161070836+00:00,2021-06-23 13:31:32.161070836+00:00,2021-06-23 13:31:32.161070836+00:00,2021-06-23 13:31:32.161070836+00:00,88,Q,NASDAQ_FUTURES,Arca,1.19,16,1.2,34
2021-06-23 13:31:35.008426268+00:00,2021-06-23 13:31:35.008426268+00:00,2021-06-23 13:31:35.008426268+00:00,2021-06-23 13:31:35.008426268+00:00,89,Q,NASDAQ_FUTURES,Arca,1.19,16,1.2,35
2021-06-23 13:32:00.597469654+00:00,2021-06-23 13:32:00.597469654+00:00,2021-06-23 13:32:00.597469654+00:00,2021-06-23 13:32:00.597469654+00:00,90,Q,NASDAQ_FUTURES,Arca,1.19,16,1.2,38
2021-06-23 13:32:00.848251648+00:00,2021-06-23 13:32:00.848251648+00:00,2021-06-23 13:32:00.848251648+00:00,2021-06-23 13:32:00.848251648+00:00,91,Q,NASDAQ_FUTURES,BATS,1.19,16,1.2,38
2021-06-23 13:33:02.623940096+00:00,2021-06-23 13:33:02.623940096+00:00,2021-06-23 13:33:02.623940096+00:00,2021-06-23 13:33:02.623940096+00:00,92,Q,NASDAQ_FUTURES,Arca,1.19,17,1.2,38
2021-06-23 13:35:28.438892145+00:00,2021-06-23 13:35:28.438892145+00:00,2021-06-23 13:35:28.438892145+00:00,2021-06-23 13:35:28.438892145+00:00,93,Q,EDGX,Arca,1.19,17,1.2,24
2021-06-23 13:35:28.440195809+00:00,2021-06-23 13:35:28.440195809+00:00,2021-06-23 13:35:28.440195809+00:00,2021-06-23 13:35:28.440195809+00:00,94,Q,NASDAQ_FUTURES,Arca,1.19,17,1.2,27
2021-06-23 13:35:36.791404056+00:00,2021-06-23 13:35:36.791404056+00:00,2021-06-23 13:35:36.791404056+00:00,2021-06-23 13:35:36.791404056+00:00,95,Q,NASDAQ_FUTURES,Arca,1.19,17,1.2,28
2021-06-23 13:36:22.692109836+00:00,2021-06-23 13:36:22.692109836+00:00,2021-06-23 13:36:22.692109836+00:00,2021-06-23 13:36:22.692109836+00:00,96,Q,NASDAQ_FUTURES,Arca,1.19,17,1.2,27
2021-06-23 13:36:45.155589709+00:00,2021-06-23 13:36:45.155589709+00:00,2021-06-23 13:36:45.155589709+00:00,2021-06-23 13:36:45.155589709+00:00,97,Q,NASDAQ_FUTURES,Arca,1.19,17,1.2,28
2021-06-23 13:36:45.185588532+00:00,2021-06-23 13:36:45.185588532+00:00,2021-06-23 13:36:45.185588532+00:00,2021-06-23 13:36:45.185588532+00:00,98,Q,NASDAQ_FUTURES,Arca,1.19,17,1.2,27
2021-06-23 13:36:47.840719801+00:00,2021-06-23 13:36:47.840719801+00:00,2021-06-23 13:36:47.840719801+00:00,2021-06-23 13:36:47.840719801+00:00,99,Q,NASDAQ_FUTURES,Arca,1.19,17,1.2,28
2021-06-23 13:38:32.826813+00:00,2021-06-23 13:38:32.826813+00:00,2021-06-23 13:38:32.826813+00:00,2021-06-23 13:38:32.826813+00:00,100,Q,NASDAQ_FUTURES,Arca,1.19,17,1.2,25
2021-06-23 13:38:32.827004424+00:00,2021-06-23 13:38:32.827004424+00:00,2021-06-23 13:38:32.827004424+00:00,2021-06-23 13:38:32.827004424+00:00,101,Q,EDGX,Arca,1.19,17,1.2,26
2021-06-23 13:38:32.827038464+00:00,2021-06-23 13:38:32.827038464+00:00,2021-06-23 13:38:32.827038464+00:00,2021-06-23 13:38:32.827038464+00:00,102,Q,NASDAQ_FUTURES,Arca,1.19,20,1.2,25
2021-06-23 13:38:33.365546873+00:00,2021-06-23 13:38:33.365546873+00:00,2021-06-23 13:38:33.365546873+00:00,2021-06-23 13:38:33.365546873+00:00,103,Q,NASDAQ_FUTURES,Arca,1.19,20,1.2,24
2021-06-23 13:38:38.476082350+00:00,2021-06-23 13:38:38.476082350+00:00,2021-06-23 13:38:38.476082350+00:00,2021-06-23 13:38:38.476082350+00:00,104,Q,NASDAQ_FUTURES,Arca,1.19,20,1.2,25
2021-06-23 13:38:53.731893248+00:00,2021-06-23 13:38:53.731893248+00:00,2021-06-23 13:38:53.731893248+00:00,2021-06-23 13:38:53.731893248+00:00,105,Q,NASDAQ_FUTURES,Arca,1.19,17,1.2,28
2021-06-23 13:38:53.731962883+00:00,2021-06-23 13:38:53.731962883+00:00,2021-06-23 13:38:53.731962883+00:00,2021-06-23 13:38:53.731962883+00:00,106,Q,NASDAQ_FUTURES,Arca,1.19,20,1.2,28
2021-06-23 13:39:28.974068981+00:00,2021-06-23 13:39:28.974068981+00:00,2021-06-23 13:39:28.974068981+00:00,2021-06-23 13:39:28.974068981+00:00,107,Q,NASDAQ_FUTURES,Arca,1.19,17,1.2,27
2021-06-23 13:39:38.874204856+00:00,2021-06-23 13:39:38.874204856+00:00,2021-06-23 13:39:38.874204856+00:00,2021-06-23 13:39:38.874204856+00:00,108,Q,NASDAQ_FUTURES,Arca,1.19,17,1.2,28
2021-06-23 13:39:47.873114935+00:00,2021-06-23 13:39:47.873114935+00:00,2021-06-23 13:39:47.873114935+00:00,2021-06-23 13:39:47.873114935+00:00,109,Q,NASDAQ_FUTURES,Arca,1.19,17,1.2,27
2021-06-23 13:39:54.985268849+00:00,2021-06-23 13:39:54.985268849+00:00,2021-06-23 13:39:54.985268849+00:00,2021-06-23 13:39:54.985268849+00:00,110,Q,NASDAQ_FUTURES,Arca,1.19,17,1.2,28
2021-06-23 13:40:56.038565938+00:00,2021-06-23 13:40:56.038565938+00:00,2021-06-23 13:40:56.038565938+00:00,2021-06-23 13:40:56.038565938+00:00,111,Q,NASDAQ_FUTURES,Arca,1.19,17,1.2,27
2021-06-23 13:41:25.486179915+00:00,2021-06-23 13:41:25.486179915+00:00,2021-06-23 13:41:25.486179915+00:00,2021-06-23 13:41:25.486179915+00:00,112,Q,NASDAQ_FUTURES,Arca,1.19,17,1.2,28
2021-06-23 13:42:07.134247763+00:00,2021-06-23 13:42:07.134247763+00:00,2021-06-23 13:42:07.134247763+00:00,2021-06-23 13:42:07.134247763+00:00,113,Q,NASDAQ_FUTURES,Arca,1.19,17,1.2,29
2021-06-23 13:42:07.134274017+00:00,2021-06-23 13:42:07.134274017+00:00,2021-06-23 13:42:07.134274017+00:00,2021-06-23 13:42:07.134274017+00:00,114,Q,NASDAQ_FUTURES,Arca,1.19,17,1.2,30
2021-06-23 13:42:18.620232490+00:00,2021-06-23 13:42:18.620232490+00:00,2021-06-23 13:42:18.620232490+00:00,2021-06-23 13:42:18.620232490+00:00,115,Q,NASDAQ_FUTURES,Arca,1.19,17,1.2,29
2021-06-23 13:42:18.620246291+00:00,2021-06-23 13:42:18.620246291+00:00,2021-06-23 13:42:18.620246291+00:00,2021-06-23 13:42:18.620246291+00:00,116,Q,NASDAQ_FUTURES,Arca,1.19,17,1.2,28
2021-06-23 13:43:59.402929854+00:00,2021-06-23 13:43:59.402929854+00:00,2021-06-23 13:43:59.402929854+00:00,2021-06-23 13:43:59.402929854+00:00,117,Q,NASDAQ_FUTURES,Arca,1.19,17,1.2,25
2021-06-23 13:45:40.943278398+00:00,2021-06-23 13:45:40.943278398+00:00,2021-06-23 13:45:40.943278398+00:00,2021-06-23 13:45:40.943278398+00:00,118,Q,NASDAQ_FUTURES,Arca,1.19,17,1.2,24
2021-06-23 13:46:00.973695428+00:00,2021-06-23 13:46:00.973695428+00:00,2021-06-23 13:46:00.973695428+00:00,2021-06-23 13:46:00.973695428+00:00,119,Q,NASDAQ_FUTURES,Arca,1.19,17,1.2,25
2021-06-23 13:46:22.252045056+00:00,2021-06-23 13:46:22.252045056+00:00,2021-06-23 13:46:22.252045056+00:00,2021-06-23 13:46:22.252045056+00:00,120,Q,NASDAQ_FUTURES,Arca,1.19,17,1.2,24
2021-06-23 13:46:30.274734+00:00,2021-06-23 13:46:30.274734+00:00,2021-06-23 13:46:30.274734+00:00,2021-06-23 13:46:30.274734+00:00,121,Q,EDGX,Arca,1.19,17,1.2,164
2021-06-23 13:47:00.378504+00:00,2021-06-23 13:47:00.378504+00:00,2021-06-23 13:47:00.378504+00:00,2021-06-23 13:47:00.378504+00:00,122,Q,EDGX,Arca,1.19,17,1.2,167
2021-06-23 13:48:42.741961835+00:00,2021-06-23 13:48:42.741961835+00:00,2021-06-23 13:48:42.741961835+00:00,2021-06-23 13:48:42.741961835+00:00,123,Q,EDGX,NASDAQ_FUTURES,1.19,20,1.2,167
2021-06-23 13:48:42.742009+00:00,2021-06-23 13:48:42.742009+00:00,2021-06-23 13:48:42.742009+00:00,2021-06-23 13:48:42.742009+00:00,124,Q,EDGX,NASDAQ_FUTURES,1.19,20,1.2,12
2021-06-23 13:48:42.742009+00:00,2021-06-23 13:48:42.742009+00:00,2021-06-23 13:48:42.742009+00:00,2021-06-23 13:48:42.742009+00:00,125,Q,EDGX,NASDAQ_FUTURES,1.19,20,1.2,160
2021-06-23 13:48:42.742069+00:00,2021-06-23 13:48:42.742069+00:00,2021-06-23 13:48:42.742069+00:00,2021-06-23 13:48:42.742069+00:00,126,Q,EDGX,NASDAQ_FUTURES,1.19,21,1.2,9
2021-06-23 13:48:42.742120+00:00,2021-06-23 13:48:42.742120+00:00,2021-06-23 13:48:42.742120+00:00,2021-06-23 13:48:42.742120+00:00,127,Q,Arca,NASDAQ_FUTURES,1.19,22,1.2,8
2021-06-23 13:48:42.742176+00:00,2021-06-23 13:48:42.742176+00:00,2021-06-23 13:48:42.742176+00:00,2021-06-23 13:48:42.742176+00:00,128,Q,Arca,NASDAQ_FUTURES,1.19,22,1.2,5
2021-06-23 13:48:42.742222076+00:00,2021-06-23 13:48:42.742222076+00:00,2021-06-23 13:48:42.742222076+00:00,2021-06-23 13:48:42.742222076+00:00,129,Q,EDGX,NASDAQ_FUTURES,1.19,21,1.2,12
2021-06-23 13:48:42.742289324+00:00,2021-06-23 13:48:42.742289324+00:00,2021-06-23 13:48:42.742289324+00:00,2021-06-23 13:48:42.742289324+00:00,131,Q,EDGX,NASDAQ_FUTURES,1.19,22,1.2,9
2021-06-23 13:48:42.753885696+00:00,2021-06-23 13:48:42.753885696+00:00,2021-06-23 13:48:42.753885696+00:00,2021-06-23 13:48:42.753885696+00:00,132,Q,NASDAQ_FUTURES,NASDAQ_FUTURES,1.19,22,1.2,1
2021-06-23 13:48:42.753999918+00:00,2021-06-23 13:48:42.753999918+00:00,2021-06-23 13:48:42.753999918+00:00,2021-06-23 13:48:42.753999918+00:00,133,Q,Arca,NASDAQ_FUTURES,1.19,22,1.2,1
2021-06-23 13:48:42.754218+00:00,2021-06-23 13:48:42.754218+00:00,2021-06-23 13:48:42.754218+00:00,2021-06-23 13:48:42.754218+00:00,136,Q,EDGX,NASDAQ_FUTURES,1.19,21,1.2,2
2021-06-23 13:48:42.754369784+00:00,2021-06-23 13:48:42.754369784+00:00,2021-06-23 13:48:42.754369784+00:00,2021-06-23 13:48:42.754369784+00:00,137,Q,NASDAQ_FUTURES,NASDAQ_FUTURES,1.19,21,1.2,1
2021-06-23 13:48:42.754607+00:00,2021-06-23 13:48:42.754607+00:00,2021-06-23 13:48:42.754607+00:00,2021-06-23 13:48:42.754607+00:00,138,Q,IEX,NASDAQ_FUTURES,1.19,22,1.2,1
2021-06-23 13:48:42.754640671+00:00,2021-06-23 13:48:42.754640671+00:00,2021-06-23 13:48:42.754640671+00:00,2021-06-23 13:48:42.754640671+00:00,139,Q,EDGX,NASDAQ_FUTURES,1.19,22,1.2,2
2021-06-23 13:48:42.754669839+00:00,2021-06-23 13:48:42.754669839+00:00,2021-06-23 13:48:42.754669839+00:00,2021-06-23 13:48:42.754669839+00:00,140,Q,EDGX,NASDAQ_FUTURES,1.19,21,1.2,2
2021-06-23 13:48:42.754711681+00:00,2021-06-23 13:48:42.754711681+00:00,2021-06-23 13:48:42.754711681+00:00,2021-06-23 13:48:42.754711681+00:00,141,Q,EDGX,NASDAQ_FUTURES,1.19,22,1.21,12
2021-06-23 13:48:42.754775450+00:00,2021-06-23 13:48:42.754775450+00:00,2021-06-23 13:48:42.754775450+00:00,2021-06-23 13:48:42.754775450+00:00,142,Q,EDGX,NASDAQ_FUTURES,1.19,22,1.2,2
2021-06-23 13:48:42.755685175+00:00,2021-06-23 13:48:42.755685175+00:00,2021-06-23 13:48:42.755685175+00:00,2021-06-23 13:48:42.755685175+00:00,143,Q,EDGX,NASDAQ_FUTURES,1.2,10,1.21,12
2021-06-23 13:48:42.756366+00:00,2021-06-23 13:48:42.756366+00:00,2021-06-23 13:48:42.756366+00:00,2021-06-23 13:48:42.756366+00:00,147,Q,BATS,NASDAQ_FUTURES,1.19,21,1.2,2
2021-06-23 13:48:42.784774005+00:00,2021-06-23 13:48:42.784774005+00:00,2021-06-23 13:48:42.784774005+00:00,2021-06-23 13:48:42.784774005+00:00,148,Q,BATS,Arca,1.19,20,1.2,2
2021-06-23 13:49:02.724339+00:00,2021-06-23 13:49:02.724339+00:00,2021-06-23 13:49:02.724339+00:00,2021-06-23 13:49:02.724339+00:00,149,Q,EDGX,NASDAQ_FUTURES,1.19,22,1.21,12
2021-06-23 13:49:02.724435432+00:00,2021-06-23 13:49:02.724435432+00:00,2021-06-23 13:49:02.724435432+00:00,2021-06-23 13:49:02.724435432+00:00,150,Q,BATS,NASDAQ_FUTURES,1.19,21,1.2,2
2021-06-23 13:49:02.724507814+00:00,2021-06-23 13:49:02.724507814+00:00,2021-06-23 13:49:02.724507814+00:00,2021-06-23 13:49:02.724507814+00:00,151,Q,BATS,NASDAQ_FUTURES,1.19,22,1.2,2
2021-06-23 13:49:02.724741274+00:00,2021-06-23 13:49:02.724741274+00:00,2021-06-23 13:49:02.724741274+00:00,2021-06-23 13:49:02.724741274+00:00,152,Q,EDGX,NASDAQ_FUTURES,1.19,21,1.21,12
2021-06-23 13:49:02.725651231+00:00,2021-06-23 13:49:02.725651231+00:00,2021-06-23 13:49:02.725651231+00:00,2021-06-23 13:49:02.725651231+00:00,154,Q,EDGX,NASDAQ_FUTURES,1.19,21,1.21,12
2021-06-23 13:49:02.727509551+00:00,2021-06-23 13:49:02.727509551+00:00,2021-06-23 13:49:02.727509551+00:00,2021-06-23 13:49:02.727509551+00:00,156,Q,EDGX,NASDAQ_FUTURES,1.19,21,1.21,12
2021-06-23 13:49:02.754508248+00:00,2021-06-23 13:49:02.754508248+00:00,2021-06-23 13:49:02.754508248+00:00,2021-06-23 13:49:02.754508248+00:00,157,Q,EDGX,Arca,1.19,20,1.21,12
2021-06-23 13:49:16.440243455+00:00,2021-06-23 13:49:16.440243455+00:00,2021-06-23 13:49:16.440243455+00:00,2021-06-23 13:49:16.440243455+00:00,158,Q,NASDAQ_FUTURES,Arca,1.19,20,1.2,25
2021-06-23 13:49:28.491285449+00:00,2021-06-23 13:49:28.491285449+00:00,2021-06-23 13:49:28.491285449+00:00,2021-06-23 13:49:28.491285449+00:00,159,Q,EDGX,Arca,1.19,20,1.21,12
2021-06-23 13:49:28.491523+00:00,2021-06-23 13:49:28.491523+00:00,2021-06-23 13:49:28.491523+00:00,2021-06-23 13:49:28.491523+00:00,160,Q,EDGX,Arca,1.19,20,1.21,15
2021-06-23 13:49:28.492767+00:00,2021-06-23 13:49:28.492767+00:00,2021-06-23 13:49:28.492767+00:00,2021-06-23 13:49:28.492767+00:00,161,Q,EDGX,Arca,1.19,20,1.2,25
2021-06-23 13:50:34.841147+00:00,2021-06-23 13:50:34.841147+00:00,2021-06-23 13:50:34.841147+00:00,2021-06-23 13:50:34.841147+00:00,162,Q,EDGX,Arca,1.19,20,1.2,24
2021-06-23 13:50:37.639289+00:00,2021-06-23 13:50:37.639289+00:00,2021-06-23 13:50:37.639289+00:00,2021-06-23 13:50:37.639289+00:00,164,Q,EDGX,NASDAQ_FUTURES,1.19,24,1.21,12
2021-06-23 13:50:37.639300237+00:00,2021-06-23 13:50:37.639300237+00:00,2021-06-23 13:50:37.639300237+00:00,2021-06-23 13:50:37.639300237+00:00,165,Q,EDGX,NASDAQ_FUTURES,1.19,24,1.21,15
2021-06-23 13:50:37.639322+00:00,2021-06-23 13:50:37.639322+00:00,2021-06-23 13:50:37.639322+00:00,2021-06-23 13:50:37.639322+00:00,166,Q,EDGX,EDGX,1.2,3,1.21,12
2021-06-23 13:50:37.639327360+00:00,2021-06-23 13:50:37.639327360+00:00,2021-06-23 13:50:37.639327360+00:00,2021-06-23 13:50:37.639327360+00:00,167,Q,EDGX,NASDAQ_FUTURES,1.19,21,1.2,24
2021-06-23 13:50:37.639339013+00:00,2021-06-23 13:50:37.639339013+00:00,2021-06-23 13:50:37.639339013+00:00,2021-06-23 13:50:37.639339013+00:00,168,Q,EDGX,NASDAQ_FUTURES,1.19,22,1.2,24
2021-06-23 13:50:37.672669064+00:00,2021-06-23 13:50:37.672669064+00:00,2021-06-23 13:50:37.672669064+00:00,2021-06-23 13:50:37.672669064+00:00,171,Q,EDGX,NASDAQ_FUTURES,1.2,5,1.21,12
2021-06-23 13:50:41.276789+00:00,2021-06-23 13:50:41.276789+00:00,2021-06-23 13:50:41.276789+00:00,2021-06-23 13:50:41.276789+00:00,172,Q,EDGX,NASDAQ_FUTURES,1.2,6,1.21,10
2021-06-23 13:50:41.276789+00:00,2021-06-23 13:50:41.276789+00:00,2021-06-23 13:50:41.276789+00:00,2021-06-23 13:50:41.276789+00:00,173,Q,EDGX,NASDAQ_FUTURES,1.2,5,1.21,4
2021-06-23 13:50:41.276909+00:00,2021-06-23 13:50:41.276909+00:00,2021-06-23 13:50:41.276909+00:00,2021-06-23 13:50:41.276909+00:00,174,Q,NASDAQ_FUTURES,NASDAQ_FUTURES,1.2,5,1.21,1
2021-06-23 13:50:41.276960425+00:00,2021-06-23 13:50:41.276960425+00:00,2021-06-23 13:50:41.276960425+00:00,2021-06-23 13:50:41.276960425+00:00,175,Q,EDGX,NASDAQ_FUTURES,1.2,6,1.21,12
2021-06-23 13:50:41.276995057+00:00,2021-06-23 13:50:41.276995057+00:00,2021-06-23 13:50:41.276995057+00:00,2021-06-23 13:50:41.276995057+00:00,176,Q,EDGX,NASDAQ_FUTURES,1.2,5,1.21,10
2021-06-23 13:50:43.022343319+00:00,2021-06-23 13:50:43.022343319+00:00,2021-06-23 13:50:43.022343319+00:00,2021-06-23 13:50:43.022343319+00:00,177,Q,NASDAQ_FUTURES,NASDAQ_FUTURES,1.2,6,1.21,1
2021-06-23 13:50:48.942908448+00:00,2021-06-23 13:50:48.942908448+00:00,2021-06-23 13:50:48.942908448+00:00,2021-06-23 13:50:48.942908448+00:00,178,Q,NASDAQ_FUTURES,NASDAQ_FUTURES,1.2,6,1.22,18
2021-06-23 13:50:48.942939834+00:00,2021-06-23 13:50:48.942939834+00:00,2021-06-23 13:50:48.942939834+00:00,2021-06-23 13:50:48.942939834+00:00,179,Q,NASDAQ_FUTURES,NASDAQ_FUTURES,1.2,7,1.22,18
2021-06-23 13:50:48.942957770+00:00,2021-06-23 13:50:48.942957770+00:00,2021-06-23 13:50:48.942957770+00:00,2021-06-23 13:50:48.942957770+00:00,180,Q,NASDAQ_FUTURES,NASDAQ_FUTURES,1.2,7,1.21,1
2021-06-23 13:50:48.942978900+00:00,2021-06-23 13:50:48.942978900+00:00,2021-06-23 13:50:48.942978900+00:00,2021-06-23 13:50:48.942978900+00:00,181,Q,NASDAQ_FUTURES,NASDAQ_FUTURES,1.2,6,1.21,1
2021-06-23 13:51:00.420829687+00:00,2021-06-23 13:51:00.420829687+00:00,2021-06-23 13:51:00.420829687+00:00,2021-06-23 13:51:00.420829687+00:00,182,Q,NASDAQ_FUTURES,NASDAQ_FUTURES,1.2,6,1.22,21
2021-06-23 13:51:00.426643456+00:00,2021-06-23 13:51:00.426643456+00:00,2021-06-23 13:51:00.426643456+00:00,2021-06-23 13:51:00.426643456+00:00,183,Q,Arca,NASDAQ_FUTURES,1.2,6,1.22,23
2021-06-23 13:51:01.414603550+00:00,2021-06-23 13:51:01.414603550+00:00,2021-06-23 13:51:01.414603550+00:00,2021-06-23 13:51:01.414603550+00:00,184,Q,Arca,BATS,1.2,6,1.22,23
2021-06-23 13:51:01.423759+00:00,2021-06-23 13:51:01.423759+00:00,2021-06-23 13:51:01.423759+00:00,2021-06-23 13:51:01.423759+00:00,185,Q,NASDAQ_FUTURES,NASDAQ_FUTURES,1.2,6,1.21,2
2021-06-23 13:51:01.423916+00:00,2021-06-23 13:51:01.423916+00:00,2021-06-23 13:51:01.423916+00:00,2021-06-23 13:51:01.423916+00:00,186,Q,EDGX,Arca,1.2,5,1.21,6
2021-06-23 13:51:01.423928320+00:00,2021-06-23 13:51:01.423928320+00:00,2021-06-23 13:51:01.423928320+00:00,2021-06-23 13:51:01.423928320+00:00,187,Q,EDGX,Arca,1.19,19,1.21,6
2021-06-23 13:51:01.423930815+00:00,2021-06-23 13:51:01.423930815+00:00,2021-06-23 13:51:01.423930815+00:00,2021-06-23 13:51:01.423930815+00:00,188,Q,NASDAQ_FUTURES,BATS,1.2,6,1.21,1
2021-06-23 13:51:01.423937250+00:00,2021-06-23 13:51:01.423937250+00:00,2021-06-23 13:51:01.423937250+00:00,2021-06-23 13:51:01.423937250+00:00,189,Q,NASDAQ_FUTURES,BATS,1.2,6,1.21,2
2021-06-23 13:51:01.423969404+00:00,2021-06-23 13:51:01.423969404+00:00,2021-06-23 13:51:01.423969404+00:00,2021-06-23 13:51:01.423969404+00:00,190,Q,NASDAQ_FUTURES,Arca,1.2,5,1.21,2
2021-06-23 13:51:01.423977257+00:00,2021-06-23 13:51:01.423977257+00:00,2021-06-23 13:51:01.423977257+00:00,2021-06-23 13:51:01.423977257+00:00,191,Q,NASDAQ_FUTURES,Arca,1.2,5,1.21,5
2021-06-23 13:51:01.424984924+00:00,2021-06-23 13:51:01.424984924+00:00,2021-06-23 13:51:01.424984924+00:00,2021-06-23 13:51:01.424984924+00:00,192,Q,NASDAQ_FUTURES,Arca,1.19,19,1.2,12
2021-06-23 13:51:01.430000962+00:00,2021-06-23 13:51:01.430000962+00:00,2021-06-23 13:51:01.430000962+00:00,2021-06-23 13:51:01.430000962+00:00,193,Q,NASDAQ_FUTURES,NASDAQ_FUTURES,1.19,20,1.2,12
2021-06-23 13:51:02.316624074+00:00,2021-06-23 13:51:02.316624074+00:00,2021-06-23 13:51:02.316624074+00:00,2021-06-23 13:51:02.316624074+00:00,194,Q,NASDAQ_FUTURES,Arca,1.19,19,1.2,12
2021-06-23 13:51:19.046990755+00:00,2021-06-23 13:51:19.046990755+00:00,2021-06-23 13:51:19.046990755+00:00,2021-06-23 13:51:19.046990755+00:00,195,Q,NASDAQ_FUTURES,Arca,1.19,19,1.2,11
2021-06-23 13:51:19.047013533+00:00,2021-06-23 13:51:19.047013533+00:00,2021-06-23 13:51:19.047013533+00:00,2021-06-23 13:51:19.047013533+00:00,196,Q,EDGX,Arca,1.19,19,1.21,3
2021-06-23 13:51:21.093563212+00:00,2021-06-23 13:51:21.093563212+00:00,2021-06-23 13:51:21.093563212+00:00,2021-06-23 13:51:21.093563212+00:00,197,Q,NASDAQ_FUTURES,Arca,1.19,19,1.21,4
2021-06-23 13:51:30.290774735+00:00,2021-06-23 13:51:30.290774735+00:00,2021-06-23 13:51:30.290774735+00:00,2021-06-23 13:51:30.290774735+00:00,198,Q,NASDAQ_FUTURES,Arca,1.19,19,1.21,24
2021-06-23 13:51:58.499861978+00:00,2021-06-23 13:51:58.499861978+00:00,2021-06-23 13:51:58.499861978+00:00,2021-06-23 13:51:58.499861978+00:00,199,Q,EDGX,Arca,1.19,19,1.21,9
2021-06-23 13:51:58.501108923+00:00,2021-06-23 13:51:58.501108923+00:00,2021-06-23 13:51:58.501108923+00:00,2021-06-23 13:51:58.501108923+00:00,200,Q,NASDAQ_FUTURES,Arca,1.19,19,1.21,11
2021-06-23 13:51:58.501308+00:00,2021-06-23 13:51:58.501308+00:00,2021-06-23 13:51:58.501308+00:00,2021-06-23 13:51:58.501308+00:00,201,Q,EDGX,Arca,1.19,19,1.21,16
2021-06-23 13:52:19.574913024+00:00,2021-06-23 13:52:19.574913024+00:00,2021-06-23 13:52:19.574913024+00:00,2021-06-23 13:52:19.574913024+00:00,202,Q,NASDAQ_FUTURES,NASDAQ_FUTURES,1.19,15,1.2,4
2021-06-23 13:52:19.575262594+00:00,2021-06-23 13:52:19.575262594+00:00,2021-06-23 13:52:19.575262594+00:00,2021-06-23 13:52:19.575262594+00:00,203,Q,NASDAQ_FUTURES,Arca,1.19,19,1.2,1
2021-06-23 13:52:19.575269357+00:00,2021-06-23 13:52:19.575269357+00:00,2021-06-23 13:52:19.575269357+00:00,2021-06-23 13:52:19.575269357+00:00,204,Q,NASDAQ_FUTURES,Arca,1.19,19,1.2,4
2021-06-23 13:52:26.844220106+00:00,2021-06-23 13:52:26.844220106+00:00,2021-06-23 13:52:26.844220106+00:00,2021-06-23 13:52:26.844220106+00:00,205,Q,NASDAQ_FUTURES,NASDAQ_FUTURES,1.19,15,1.2,5
2021-06-23 13:52:54.007643937+00:00,2021-06-23 13:52:54.007643937+00:00,2021-06-23 13:52:54.007643937+00:00,2021-06-23 13:52:54.007643937+00:00,206,Q,NASDAQ_FUTURES,NASDAQ_FUTURES,1.19,15,1.2,9
2021-06-23 13:53:07.230129687+00:00,2021-06-23 13:53:07.230129687+00:00,2021-06-23 13:53:07.230129687+00:00,2021-06-23 13:53:07.230129687+00:00,207,Q,NASDAQ_FUTURES,NASDAQ_FUTURES,1.19,15,1.2,34
2021-06-23 13:53:12.432856191+00:00,2021-06-23 13:53:12.432856191+00:00,2021-06-23 13:53:12.432856191+00:00,2021-06-23 13:53:12.432856191+00:00,208,Q,NASDAQ_FUTURES,NASDAQ_FUTURES,1.19,16,1.2,34
2021-06-23 13:53:28.504996433+00:00,2021-06-23 13:53:28.504996433+00:00,2021-06-23 13:53:28.504996433+00:00,2021-06-23 13:53:28.504996433+00:00,209,Q,NASDAQ_FUTURES,NASDAQ_FUTURES,1.19,16,1.2,9
2021-06-23 13:53:28.506246325+00:00,2021-06-23 13:53:28.506246325+00:00,2021-06-23 13:53:28.506246325+00:00,2021-06-23 13:53:28.506246325+00:00,210,Q,NASDAQ_FUTURES,NASDAQ_FUTURES,1.19,16,1.2,17
2021-06-23 13:53:28.506277375+00:00,2021-06-23 13:53:28.506277375+00:00,2021-06-23 13:53:28.506277375+00:00,2021-06-23 13:53:28.506277375+00:00,211,Q,NASDAQ_FUTURES,NASDAQ_FUTURES,1.19,16,1.2,21
2021-06-23 13:53:31.348597049+00:00,2021-06-23 13:53:31.348597049+00:00,2021-06-23 13:53:31.348597049+00:00,2021-06-23 13:53:31.348597049+00:00,212,Q,NASDAQ_FUTURES,NASDAQ_FUTURES,1.19,13,1.2,21
2021-06-23 13:53:31.447999623+00:00,2021-06-23 13:53:31.447999623+00:00,2021-06-23 13:53:31.447999623+00:00,2021-06-23 13:53:31.447999623+00:00,213,Q,NASDAQ_FUTURES,NASDAQ_FUTURES,1.19,11,1.2,21
2021-06-23 13:53:31.447999623+00:00,2021-06-23 13:53:31.447999623+00:00,2021-06-23 13:53:31.447999623+00:00,2021-06-23 13:53:31.447999623+00:00,214,Q,NASDAQ_FUTURES,NASDAQ_FUTURES,1.19,10,1.2,21
2021-06-23 13:53:31.847712258+00:00,2021-06-23 13:53:31.847712258+00:00,2021-06-23 13:53:31.847712258+00:00,2021-06-23 13:53:31.847712258+00:00,215,Q,NASDAQ_FUTURES,NASDAQ_FUTURES,1.19,7,1.2,21
2021-06-23 13:54:08.944145932+00:00,2021-06-23 13:54:08.944145932+00:00,2021-06-23 13:54:08.944145932+00:00,2021-06-23 13:54:08.944145932+00:00,216,Q,NASDAQ_FUTURES,NASDAQ_FUTURES,1.19,9,1.2,21
2021-06-23 13:54:28.508425388+00:00,2021-06-23 13:54:28.508425388+00:00,2021-06-23 13:54:28.508425388+00:00,2021-06-23 13:54:28.508425388+00:00,217,Q,NASDAQ_FUTURES,NASDAQ_FUTURES,1.19,7,1.2,21
2021-06-23 13:54:58.899497515+00:00,2021-06-23 13:54:58.899497515+00:00,2021-06-23 13:54:58.899497515+00:00,2021-06-23 13:54:58.899497515+00:00,218,Q,NASDAQ_FUTURES,NASDAQ_FUTURES,1.19,8,1.2,21
2021-06-23 13:55:01.334421+00:00,2021-06-23 13:55:01.334421+00:00,2021-06-23 13:55:01.334421+00:00,2021-06-23 13:55:01.334421+00:00,219,Q,NASDAQ_FUTURES,NYSE,1.19,2,1.2,23
2021-06-23 13:55:01.334496075+00:00,2021-06-23 13:55:01.334496075+00:00,2021-06-23 13:55:01.334496075+00:00,2021-06-23 13:55:01.334496075+00:00,220,Q,NASDAQ_FUTURES,BATS,1.19,6,1.2,21
2021-06-23 13:55:01.334530946+00:00,2021-06-23 13:55:01.334530946+00:00,2021-06-23 13:55:01.334530946+00:00,2021-06-23 13:55:01.334530946+00:00,221,Q,NASDAQ_FUTURES,BATS,1.19,6,1.2,22
2021-06-23 13:55:01.334548480+00:00,2021-06-23 13:55:01.334548480+00:00,2021-06-23 13:55:01.334548480+00:00,2021-06-23 13:55:01.334548480+00:00,222,Q,NASDAQ_FUTURES,NYSE,1.19,1,1.2,24
2021-06-23 13:55:01.334568986+00:00,2021-06-23 13:55:01.334568986+00:00,2021-06-23 13:55:01.334568986+00:00,2021-06-23 13:55:01.334568986+00:00,223,Q,NASDAQ_FUTURES,BATS,1.19,6,1.2,21
2021-06-23 13:55:01.334593126+00:00,2021-06-23 13:55:01.334593126+00:00,2021-06-23 13:55:01.334593126+00:00,2021-06-23 13:55:01.334593126+00:00,224,Q,NASDAQ_FUTURES,BATS,1.19,6,1.2,22
2021-06-23 13:55:01.334594194+00:00,2021-06-23 13:55:01.334594194+00:00,2021-06-23 13:55:01.334594194+00:00,2021-06-23 13:55:01.334594194+00:00,225,Q,NASDAQ_FUTURES,BATS,1.19,6,1.2,23
2021-06-23 13:55:01.334649293+00:00,2021-06-23 13:55:01.334649293+00:00,2021-06-23 13:55:01.334649293+00:00,2021-06-23 13:55:01.334649293+00:00,226,Q,NASDAQ_FUTURES,NYSE,1.19,2,1.2,24
2021-06-23 13:55:01.336350268+00:00,2021-06-23 13:55:01.336350268+00:00,2021-06-23 13:55:01.336350268+00:00,2021-06-23 13:55:01.336350268+00:00,227,Q,NASDAQ_FUTURES,NASDAQ_FUTURES,1.19,13,1.2,24
2021-06-23 13:55:01.336371925+00:00,2021-06-23 13:55:01.336371925+00:00,2021-06-23 13:55:01.336371925+00:00,2021-06-23 13:55:01.336371925+00:00,228,Q,NASDAQ_FUTURES,NASDAQ_FUTURES,1.19,13,1.2,23
2021-06-23 13:55:01.336409603+00:00,2021-06-23 13:55:01.336409603+00:00,2021-06-23 13:55:01.336409603+00:00,2021-06-23 13:55:01.336409603+00:00,229,Q,NASDAQ_FUTURES,NASDAQ_FUTURES,1.19,13,1.2,22
2021-06-23 13:55:01.336445529+00:00,2021-06-23 13:55:01.336445529+00:00,2021-06-23 13:55:01.336445529+00:00,2021-06-23 13:55:01.336445529+00:00,230,Q,NASDAQ_FUTURES,NASDAQ_FUTURES,1.19,13,1.2,21
2021-06-23 13:55:01.340906772+00:00,2021-06-23 13:55:01.340906772+00:00,2021-06-23 13:55:01.340906772+00:00,2021-06-23 13:55:01.340906772+00:00,231,Q,NASDAQ_FUTURES,NASDAQ_FUTURES,1.19,14,1.2,21
2021-06-23 13:55:02.017742084+00:00,2021-06-23 13:55:02.017742084+00:00,2021-06-23 13:55:02.017742084+00:00,2021-06-23 13:55:02.017742084+00:00,232,Q,NASDAQ_FUTURES,BATS,1.19,13,1.2,21
2021-06-23 13:55:18.317677471+00:00,2021-06-23 13:55:18.317677471+00:00,2021-06-23 13:55:18.317677471+00:00,2021-06-23 13:55:18.317677471+00:00,233,Q,NASDAQ_FUTURES,NASDAQ_FUTURES,1.19,15,1.2,21
2021-06-23 13:55:28.512122167+00:00,2021-06-23 13:55:28.512122167+00:00,2021-06-23 13:55:28.512122167+00:00,2021-06-23 13:55:28.512122167+00:00,234,Q,NASDAQ_FUTURES,BATS,1.19,13,1.2,21
2021-06-23 13:55:28.513446238+00:00,2021-06-23 13:55:28.513446238+00:00,2021-06-23 13:55:28.513446238+00:00,2021-06-23 13:55:28.513446238+00:00,235,Q,NASDAQ_FUTURES,NASDAQ_FUTURES,1.19,14,1.2,21
2021-06-23 13:55:32.334575048+00:00,2021-06-23 13:55:32.334575048+00:00,2021-06-23 13:55:32.334575048+00:00,2021-06-23 13:55:32.334575048+00:00,236,Q,NASDAQ_FUTURES,BATS,1.19,13,1.2,21
2021-06-23 13:55:32.334636795+00:00,2021-06-23 13:55:32.334636795+00:00,2021-06-23 13:55:32.334636795+00:00,2021-06-23 13:55:32.334636795+00:00,237,Q,NASDAQ_FUTURES,BATS,1.19,13,1.2,13
2021-06-23 13:55:32.334649375+00:00,2021-06-23 13:55:32.334649375+00:00,2021-06-23 13:55:32.334649375+00:00,2021-06-23 13:55:32.334649375+00:00,238,Q,NASDAQ_FUTURES,BATS,1.19,13,1.2,9
2021-06-23 13:55:45.197878328+00:00,2021-06-23 13:55:45.197878328+00:00,2021-06-23 13:55:45.197878328+00:00,2021-06-23 13:55:45.197878328+00:00,239,Q,NASDAQ_FUTURES,BATS,1.19,13,1.2,11
2021-06-23 13:56:15.688437795+00:00,2021-06-23 13:56:15.688437795+00:00,2021-06-23 13:56:15.688437795+00:00,2021-06-23 13:56:15.688437795+00:00,240,Q,NASDAQ_FUTURES,BATS,1.19,13,1.2,36
2021-06-23 13:56:15.691345398+00:00,2021-06-23 13:56:15.691345398+00:00,2021-06-23 13:56:15.691345398+00:00,2021-06-23 13:56:15.691345398+00:00,241,Q,NASDAQ_FUTURES,NASDAQ_FUTURES,1.19,15,1.2,36
2021-06-23 13:58:12.505383980+00:00,2021-06-23 13:58:12.505383980+00:00,2021-06-23 13:58:12.505383980+00:00,2021-06-23 13:58:12.505383980+00:00,242,Q,NASDAQ_FUTURES,NASDAQ_FUTURES,1.19,16,1.2,36
2021-06-23 13:59:30.107113002+00:00,2021-06-23 13:59:30.107113002+00:00,2021-06-23 13:59:30.107113002+00:00,2021-06-23 13:59:30.107113002+00:00,243,Q,NASDAQ_FUTURES,NASDAQ_FUTURES,1.19,15,1.2,36
2021-06-23 13:59:51.176976+00:00,2021-06-23 13:59:51.176976+00:00,2021-06-23 13:59:51.176976+00:00,2021-06-23 13:59:51.176976+00:00,244,Q,NASDAQ_FUTURES,NASDAQ_FUTURES,1.19,15,1.2,35
2021-06-23 14:00:13.859539255+00:00,2021-06-23 14:00:13.859539255+00:00,2021-06-23 14:00:13.859539255+00:00,2021-06-23 14:00:13.859539255+00:00,245,Q,NASDAQ_FUTURES,NASDAQ_FUTURES,1.19,18,1.2,35
2021-06-23 14:00:13.860251138+00:00,2021-06-23 14:00:13.860251138+00:00,2021-06-23 14:00:13.860251138+00:00,2021-06-23 14:00:13.860251138+00:00,246,Q,NASDAQ_FUTURES,NASDAQ_FUTURES,1.19,18,1.2,32
2021-06-23 14:00:30.892940503+00:00,2021-06-23 14:00:30.892940503+00:00,2021-06-23 14:00:30.892940503+00:00,2021-06-23 14:00:30.892940503+00:00,247,Q,NASDAQ_FUTURES,NASDAQ_FUTURES,1.19,19,1.2,32
2021-06-23 14:00:58.414314827+00:00,2021-06-23 14:00:58.414314827+00:00,2021-06-23 14:00:58.414314827+00:00,2021-06-23 14:00:58.414314827+00:00,248,Q,NASDAQ_FUTURES,NASDAQ_FUTURES,1.19,26,1.2,32
2021-06-23 14:01:37.823616+00:00,2021-06-23 14:01:37.823616+00:00,2021-06-23 14:01:37.823616+00:00,2021-06-23 14:01:37.823616+00:00,249,Q,EDGX,NASDAQ_FUTURES,1.19,26,1.2,47
2021-06-23 14:01:42.231966+00:00,2021-06-23 14:01:42.231966+00:00,2021-06-23 14:01:42.231966+00:00,2021-06-23 14:01:42.231966+00:00,250,Q,EDGX,NASDAQ_FUTURES,1.19,26,1.2,276
2021-06-23 14:02:41.973329561+00:00,2021-06-23 14:02:41.973329561+00:00,2021-06-23 14:02:41.973329561+00:00,2021-06-23 14:02:41.973329561+00:00,251,Q,EDGX,NASDAQ_FUTURES,1.19,19,1.2,276
2021-06-23 14:03:04.708028+00:00,2021-06-23 14:03:04.708028+00:00,2021-06-23 14:03:04.708028+00:00,2021-06-23 14:03:04.708028+00:00,252,Q,EDGX,NASDAQ_FUTURES,1.19,19,1.2,48
2021-06-23 14:03:16.846253958+00:00,2021-06-23 14:03:16.846253958+00:00,2021-06-23 14:03:16.846253958+00:00,2021-06-23 14:03:16.846253958+00:00,253,Q,EDGX,Arca,1.19,17,1.2,48
2021-06-23 14:03:16.846275584+00:00,2021-06-23 14:03:16.846275584+00:00,2021-06-23 14:03:16.846275584+00:00,2021-06-23 14:03:16.846275584+00:00,254,Q,NASDAQ_FUTURES,NYSE,1.19,1,1.2,52
2021-06-23 14:03:16.846327341+00:00,2021-06-23 14:03:16.846327341+00:00,2021-06-23 14:03:16.846327341+00:00,2021-06-23 14:03:16.846327341+00:00,255,Q,NASDAQ_FUTURES,Arca,1.19,17,1.2,51
2021-06-23 14:03:16.846403969+00:00,2021-06-23 14:03:16.846403969+00:00,2021-06-23 14:03:16.846403969+00:00,2021-06-23 14:03:16.846403969+00:00,256,Q,NASDAQ_FUTURES,Arca,1.19,17,1.2,52
2021-06-23 14:03:16.846467584+00:00,2021-06-23 14:03:16.846467584+00:00,2021-06-23 14:03:16.846467584+00:00,2021-06-23 14:03:16.846467584+00:00,257,Q,NASDAQ_FUTURES,NASDAQ_FUTURES,1.18,35,1.2,52
2021-06-23 14:03:16.846960572+00:00,2021-06-23 14:03:16.846960572+00:00,2021-06-23 14:03:16.846960572+00:00,2021-06-23 14:03:16.846960572+00:00,258,Q,EDGX,NASDAQ_FUTURES,1.18,35,1.2,52
2021-06-23 14:03:16.852396+00:00,2021-06-23 14:03:16.852396+00:00,2021-06-23 14:03:16.852396+00:00,2021-06-23 14:03:16.852396+00:00,259,Q,NASDAQ_FUTURES,EDGX,1.18,1,1.19,4
2021-06-23 14:03:16.852396+00:00,2021-06-23 14:03:16.852396+00:00,2021-06-23 14:03:16.852396+00:00,2021-06-23 14:03:16.852396+00:00,260,Q,NASDAQ_FUTURES,EDGA,1.18,1,1.19,4
2021-06-23 14:03:16.852489041+00:00,2021-06-23 14:03:16.852489041+00:00,2021-06-23 14:03:16.852489041+00:00,2021-06-23 14:03:16.852489041+00:00,261,Q,EDGX,EDGX,1.18,21,1.2,52
2021-06-23 14:03:16.852539741+00:00,2021-06-23 14:03:16.852539741+00:00,2021-06-23 14:03:16.852539741+00:00,2021-06-23 14:03:16.852539741+00:00,263,Q,NASDAQ_FUTURES,NASDAQ_FUTURES,1.17,230,1.19,4
2021-06-23 14:03:16.852553550+00:00,2021-06-23 14:03:16.852553550+00:00,2021-06-23 14:03:16.852553550+00:00,2021-06-23 14:03:16.852553550+00:00,264,Q,NASDAQ_FUTURES,EDGX,1.18,21,1.19,3
2021-06-23 14:03:16.852583108+00:00,2021-06-23 14:03:16.852583108+00:00,2021-06-23 14:03:16.852583108+00:00,2021-06-23 14:03:16.852583108+00:00,265,Q,NASDAQ_FUTURES,EDGX,1.18,21,1.19,4
2021-06-23 14:03:16.853180928+00:00,2021-06-23 14:03:16.853180928+00:00,2021-06-23 14:03:16.853180928+00:00,2021-06-23 14:03:16.853180928+00:00,266,Q,Arca,NASDAQ_FUTURES,1.17,230,1.19,5
2021-06-23 14:03:16.853276040+00:00,2021-06-23 14:03:16.853276040+00:00,2021-06-23 14:03:16.853276040+00:00,2021-06-23 14:03:16.853276040+00:00,267,Q,EDGX,NASDAQ_FUTURES,1.17,230,1.19,4
2021-06-23 14:03:16.860360+00:00,2021-06-23 14:03:16.860360+00:00,2021-06-23 14:03:16.860360+00:00,2021-06-23 14:03:16.860360+00:00,268,Q,BATS,NASDAQ_FUTURES,1.17,182,1.18,1
2021-06-23 14:03:16.860422905+00:00,2021-06-23 14:03:16.860422905+00:00,2021-06-23 14:03:16.860422905+00:00,2021-06-23 14:03:16.860422905+00:00,269,Q,Arca,NASDAQ_FUTURES,1.17,182,1.19,5
2021-06-23 14:03:16.861091+00:00,2021-06-23 14:03:16.861091+00:00,2021-06-23 14:03:16.861091+00:00,2021-06-23 14:03:16.861091+00:00,270,Q,NASDAQ_FUTURES,NASDAQ_FUTURES,1.17,182,1.18,1
2021-06-23 14:03:16.861196231+00:00,2021-06-23 14:03:16.861196231+00:00,2021-06-23 14:03:16.861196231+00:00,2021-06-23 14:03:16.861196231+00:00,271,Q,EDGX,NASDAQ_FUTURES,1.17,185,1.19,4
2021-06-23 14:03:16.861667+00:00,2021-06-23 14:03:16.861667+00:00,2021-06-23 14:03:16.861667+00:00,2021-06-23 14:03:16.861667+00:00,274,Q,NASDAQ_FUTURES,NASDAQ_FUTURES,1.17,185,1.19,4
2021-06-23 14:03:16.862313978+00:00,2021-06-23 14:03:16.862313978+00:00,2021-06-23 14:03:16.862313978+00:00,2021-06-23 14:03:16.862313978+00:00,275,Q,NASDAQ_FUTURES,NASDAQ_FUTURES,1.17,174,1.19,4
2021-06-23 14:03:33.040677+00:00,2021-06-23 14:03:33.040677+00:00,2021-06-23 14:03:33.040677+00:00,2021-06-23 14:03:33.040677+00:00,276,Q,Arca,NASDAQ_FUTURES,1.17,174,1.19,3
2021-06-23 14:03:33.040869696+00:00,2021-06-23 14:03:33.040869696+00:00,2021-06-23 14:03:33.040869696+00:00,2021-06-23 14:03:33.040869696+00:00,277,Q,EDGX,NASDAQ_FUTURES,1.17,174,1.19,3
2021-06-23 14:03:33.040884992+00:00,2021-06-23 14:03:33.040884992+00:00,2021-06-23 14:03:33.040884992+00:00,2021-06-23 14:03:33.040884992+00:00,278,Q,NASDAQ_FUTURES,BATS,1.18,6,1.19,1
2021-06-23 14:03:33.040924+00:00,2021-06-23 14:03:33.040924+00:00,2021-06-23 14:03:33.040924+00:00,2021-06-23 14:03:33.040924+00:00,279,Q,Arca,BATS,1.18,6,1.19,3
2021-06-23 14:03:33.040954083+00:00,2021-06-23 14:03:33.040954083+00:00,2021-06-23 14:03:33.040954083+00:00,2021-06-23 14:03:33.040954083+00:00,280,Q,Arca,NASDAQ_FUTURES,1.18,3,1.19,3
2021-06-23 14:03:33.040998277+00:00,2021-06-23 14:03:33.040998277+00:00,2021-06-23 14:03:33.040998277+00:00,2021-06-23 14:03:33.040998277+00:00,281,Q,Arca,NASDAQ_FUTURES,1.18,4,1.19,3
2021-06-23 14:03:33.042887544+00:00,2021-06-23 14:03:33.042887544+00:00,2021-06-23 14:03:33.042887544+00:00,2021-06-23 14:03:33.042887544+00:00,282,Q,EDGX,BATS,1.18,6,1.2,53
2021-06-23 14:03:34.507289187+00:00,2021-06-23 14:03:34.507289187+00:00,2021-06-23 14:03:34.507289187+00:00,2021-06-23 14:03:34.507289187+00:00,283,Q,EDGX,NASDAQ_FUTURES,1.19,2,1.2,53
2021-06-23 14:04:05.861768024+00:00,2021-06-23 14:04:05.861768024+00:00,2021-06-23 14:04:05.861768024+00:00,2021-06-23 14:04:05.861768024+00:00,284,Q,EDGX,NASDAQ_FUTURES,1.19,12,1.2,53
2021-06-23 14:06:58.300444672+00:00,2021-06-23 14:06:58.300444672+00:00,2021-06-23 14:06:58.300444672+00:00,2021-06-23 14:06:58.300444672+00:00,285,Q,EDGX,BATS,1.18,8,1.2,54
2021-06-23 14:06:58.300467+00:00,2021-06-23 14:06:58.300467+00:00,2021-06-23 14:06:58.300467+00:00,2021-06-23 14:06:58.300467+00:00,286,Q,EDGX,Arca,1.19,10,1.2,54
2021-06-23 14:06:58.300479085+00:00,2021-06-23 14:06:58.300479085+00:00,2021-06-23 14:06:58.300479085+00:00,2021-06-23 14:06:58.300479085+00:00,287,Q,EDGX,Arca,1.19,10,1.2,53
2021-06-23 14:06:58.300479085+00:00,2021-06-23 14:06:58.300479085+00:00,2021-06-23 14:06:58.300479085+00:00,2021-06-23 14:06:58.300479085+00:00,288,Q,EDGX,NASDAQ_FUTURES,1.19,10,1.2,53
2021-06-23 14:06:58.300648+00:00,2021-06-23 14:06:58.300648+00:00,2021-06-23 14:06:58.300648+00:00,2021-06-23 14:06:58.300648+00:00,289,Q,EDGX,BATS,1.18,5,1.2,54
2021-06-23 14:06:58.300659+00:00,2021-06-23 14:06:58.300659+00:00,2021-06-23 14:06:58.300659+00:00,2021-06-23 14:06:58.300659+00:00,290,Q,BATS,BATS,1.18,5,1.19,3
2021-06-23 14:06:58.301150+00:00,2021-06-23 14:06:58.301150+00:00,2021-06-23 14:06:58.301150+00:00,2021-06-23 14:06:58.301150+00:00,291,Q,BATS,BATS,1.18,3,1.19,3
2021-06-23 14:06:58.301547+00:00,2021-06-23 14:06:58.301547+00:00,2021-06-23 14:06:58.301547+00:00,2021-06-23 14:06:58.301547+00:00,292,Q,BATS,BATS,1.18,3,1.19,2
2021-06-23 14:06:58.301645+00:00,2021-06-23 14:06:58.301645+00:00,2021-06-23 14:06:58.301645+00:00,2021-06-23 14:06:58.301645+00:00,293,Q,EDGX,BATS,1.18,3,1.2,53
2021-06-23 14:06:58.301894+00:00,2021-06-23 14:06:58.301894+00:00,2021-06-23 14:06:58.301894+00:00,2021-06-23 14:06:58.301894+00:00,294,Q,EDGX,BATS,1.18,3,1.2,54
2021-06-23 14:06:58.301909+00:00,2021-06-23 14:06:58.301909+00:00,2021-06-23 14:06:58.301909+00:00,2021-06-23 14:06:58.301909+00:00,295,Q,EDGX,BATS,1.18,3,1.2,53
2021-06-23 14:06:58.302551+00:00,2021-06-23 14:06:58.302551+00:00,2021-06-23 14:06:58.302551+00:00,2021-06-23 14:06:58.302551+00:00,296,Q,EDGX,NASDAQ_FUTURES,1.17,185,1.2,53
2021-06-23 14:06:58.302885619+00:00,2021-06-23 14:06:58.302885619+00:00,2021-06-23 14:06:58.302885619+00:00,2021-06-23 14:06:58.302885619+00:00,297,Q,EDGX,NASDAQ_FUTURES,1.17,186,1.2,53
2021-06-23 14:06:58.302908928+00:00,2021-06-23 14:06:58.302908928+00:00,2021-06-23 14:06:58.302908928+00:00,2021-06-23 14:06:58.302908928+00:00,298,Q,EDGX,NASDAQ_FUTURES,1.17,188,1.2,53
2021-06-23 14:06:58.302951006+00:00,2021-06-23 14:06:58.302951006+00:00,2021-06-23 14:06:58.302951006+00:00,2021-06-23 14:06:58.302951006+00:00,299,Q,EDGX,NASDAQ_FUTURES,1.17,191,1.2,53
2021-06-23 14:06:58.303018073+00:00,2021-06-23 14:06:58.303018073+00:00,2021-06-23 14:06:58.303018073+00:00,2021-06-23 14:06:58.303018073+00:00,300,Q,EDGX,NASDAQ_FUTURES,1.17,193,1.2,53
2021-06-23 14:06:58.305180093+00:00,2021-06-23 14:06:58.305180093+00:00,2021-06-23 14:06:58.305180093+00:00,2021-06-23 14:06:58.305180093+00:00,301,Q,EDGX,NASDAQ_FUTURES,1.18,3,1.2,53
2021-06-23 14:06:58.403099904+00:00,2021-06-23 14:06:58.403099904+00:00,2021-06-23 14:06:58.403099904+00:00,2021-06-23 14:06:58.403099904+00:00,302,Q,EDGX,Arca,1.18,4,1.2,53
2021-06-23 14:06:58.474913200+00:00,2021-06-23 14:06:58.474913200+00:00,2021-06-23 14:06:58.474913200+00:00,2021-06-23 14:06:58.474913200+00:00,303,Q,EDGX,NASDAQ_FUTURES,1.18,5,1.2,53
2021-06-23 14:07:07.492489965+00:00,2021-06-23 14:07:07.492489965+00:00,2021-06-23 14:07:07.492489965+00:00,2021-06-23 14:07:07.492489965+00:00,304,Q,EDGX,Arca,1.18,4,1.2,53
2021-06-23 14:07:07.492935168+00:00,2021-06-23 14:07:07.492935168+00:00,2021-06-23 14:07:07.492935168+00:00,2021-06-23 14:07:07.492935168+00:00,305,Q,EDGX,BATS,1.18,4,1.2,53
2021-06-23 14:07:20.211135+00:00,2021-06-23 14:07:20.211135+00:00,2021-06-23 14:07:20.211135+00:00,2021-06-23 14:07:20.211135+00:00,306,Q,EDGX,Arca,1.18,4,1.2,53
2021-06-23 14:09:13.073195+00:00,2021-06-23 14:09:13.073195+00:00,2021-06-23 14:09:13.073195+00:00,2021-06-23 14:09:13.073195+00:00,307,Q,EDGX,Arca,1.18,4,1.19,25
2021-06-23 14:10:17.710267772+00:00,2021-06-23 14:10:17.710267772+00:00,2021-06-23 14:10:17.710267772+00:00,2021-06-23 14:10:17.710267772+00:00,308,Q,EDGX,NASDAQ_FUTURES,1.18,7,1.19,25
2021-06-23 14:10:17.710422+00:00,2021-06-23 14:10:17.710422+00:00,2021-06-23 14:10:17.710422+00:00,2021-06-23 14:10:17.710422+00:00,309,Q,EDGX,EDGX,1.18,9,1.19,25
2021-06-23 14:10:27.572771+00:00,2021-06-23 14:10:27.572771+00:00,2021-06-23 14:10:27.572771+00:00,2021-06-23 14:10:27.572771+00:00,310,Q,EDGX,EDGX,1.18,8,1.19,25
2021-06-23 14:10:43.399416+00:00,2021-06-23 14:10:43.399416+00:00,2021-06-23 14:10:43.399416+00:00,2021-06-23 14:10:43.399416+00:00,311,Q,EDGX,BATS,1.18,5,1.19,25
2021-06-23 14:10:43.401574+00:00,2021-06-23 14:10:43.401574+00:00,2021-06-23 14:10:43.401574+00:00,2021-06-23 14:10:43.401574+00:00,312,Q,EDGX,BATS,1.18,5,1.19,15
2021-06-23 14:10:57.721249+00:00,2021-06-23 14:10:57.721249+00:00,2021-06-23 14:10:57.721249+00:00,2021-06-23 14:10:57.721249+00:00,313,Q,EDGX,BATS,1.18,5,1.19,30
2021-06-23 14:12:21.420044+00:00,2021-06-23 14:12:21.420044+00:00,2021-06-23 14:12:21.420044+00:00,2021-06-23 14:12:21.420044+00:00,314,Q,EDGX,BATS,1.18,5,1.19,29
2021-06-23 14:14:59.045463+00:00,2021-06-23 14:14:59.045463+00:00,2021-06-23 14:14:59.045463+00:00,2021-06-23 14:14:59.045463+00:00,315,Q,EDGX,Arca,1.18,5,1.19,29
2021-06-23 14:14:59.045642240+00:00,2021-06-23 14:14:59.045642240+00:00,2021-06-23 14:14:59.045642240+00:00,2021-06-23 14:14:59.045642240+00:00,316,Q,EDGX,EDGX,1.18,4,1.19,29
2021-06-23 14:14:59.045847+00:00,2021-06-23 14:14:59.045847+00:00,2021-06-23 14:14:59.045847+00:00,2021-06-23 14:14:59.045847+00:00,317,Q,EDGX,BATS,1.18,2,1.19,29
2021-06-23 14:16:33.051509+00:00,2021-06-23 14:16:33.051509+00:00,2021-06-23 14:16:33.051509+00:00,2021-06-23 14:16:33.051509+00:00,318,Q,EDGX,NASDAQ_FUTURES,1.18,2,1.19,29
2021-06-23 14:17:50.581320+00:00,2021-06-23 14:17:50.581320+00:00,2021-06-23 14:17:50.581320+00:00,2021-06-23 14:17:50.581320+00:00,319,Q,EDGX,EDGX,1.18,51,1.19,29
2021-06-23 14:18:35.304679+00:00,2021-06-23 14:18:35.304679+00:00,2021-06-23 14:18:35.304679+00:00,2021-06-23 14:18:35.304679+00:00,320,Q,EDGX,EDGX,1.18,61,1.19,29
2021-06-23 14:18:45.717875+00:00,2021-06-23 14:18:45.717875+00:00,2021-06-23 14:18:45.717875+00:00,2021-06-23 14:18:45.717875+00:00,321,Q,EDGX,EDGX,1.18,11,1.19,29
2021-06-23 14:22:09.830724+00:00,2021-06-23 14:22:09.830724+00:00,2021-06-23 14:22:09.830724+00:00,2021-06-23 14:22:09.830724+00:00,322,Q,EDGX,EDGX,1.18,11,1.19,32
2021-06-23 14:24:32.689427+00:00,2021-06-23 14:24:32.689427+00:00,2021-06-23 14:24:32.689427+00:00,2021-06-23 14:24:32.689427+00:00,323,Q,EDGX,EDGX,1.18,11,1.19,18
2021-06-23 14:24:42.841792+00:00,2021-06-23 14:24:42.841792+00:00,2021-06-23 14:24:42.841792+00:00,2021-06-23 14:24:42.841792+00:00,324,Q,EDGX,EDGX,1.18,13,1.19,18
2021-06-23 14:25:59.083017+00:00,2021-06-23 14:25:59.083017+00:00,2021-06-23 14:25:59.083017+00:00,2021-06-23 14:25:59.083017+00:00,325,Q,EDGX,EDGX,1.18,3,1.19,18
2021-06-23 14:27:29.055535+00:00,2021-06-23 14:27:29.055535+00:00,2021-06-23 14:27:29.055535+00:00,2021-06-23 14:27:29.055535+00:00,326,Q,EDGX,EDGX,1.18,3,1.19,19
2021-06-23 14:27:59.467440+00:00,2021-06-23 14:27:59.467440+00:00,2021-06-23 14:27:59.467440+00:00,2021-06-23 14:27:59.467440+00:00,327,Q,EDGX,EDGX,1.18,3,1.19,19
2021-06-23 14:28:22.234244+00:00,2021-06-23 14:28:22.234244+00:00,2021-06-23 14:28:22.234244+00:00,2021-06-23 14:28:22.234244+00:00,328,Q,EDGX,EDGX,1.18,3,1.19,18
2021-06-23 14:35:45.382017+00:00,2021-06-23 14:35:45.382017+00:00,2021-06-23 14:35:45.382017+00:00,2021-06-23 14:35:45.382017+00:00,329,Q,EDGX,EDGX,1.18,3,1.19,18
2021-06-23 14:35:45.457951+00:00,2021-06-23 14:35:45.457951+00:00,2021-06-23 14:35:45.457951+00:00,2021-06-23 14:35:45.457951+00:00,330,Q,EDGX,EDGX,1.18,3,1.19,18
2021-06-23 14:35:50.370702+00:00,2021-06-23 14:35:50.370702+00:00,2021-06-23 14:35:50.370702+00:00,2021-06-23 14:35:50.370702+00:00,331,Q,EDGX,EDGX,1.18,3,1.19,18
2021-06-23 14:35:51.407510+00:00,2021-06-23 14:35:51.407510+00:00,2021-06-23 14:35:51.407510+00:00,2021-06-23 14:35:51.407510+00:00,332,Q,EDGX,EDGX,1.18,3,1.19,18
2021-06-23 14:35:52.419807+00:00,2021-06-23 14:35:52.419807+00:00,2021-06-23 14:35:52.419807+00:00,2021-06-23 14:35:52.419807+00:00,333,Q,EDGX,EDGX,1.18,3,1.19,18
2021-06-23 14:35:53.312323+00:00,2021-06-23 14:35:53.312323+00:00,2021-06-23 14:35:53.312323+00:00,2021-06-23 14:35:53.312323+00:00,334,Q,EDGX,EDGX,1.18,3,1.19,18
2021-06-23 14:35:56.228956+00:00,2021-06-23 14:35:56.228956+00:00,2021-06-23 14:35:56.228956+00:00,2021-06-23 14:35:56.228956+00:00,335,Q,EDGX,EDGX,1.18,3,1.19,18
2021-06-23 14:35:56.818309+00:00,2021-06-23 14:35:56.818309+00:00,2021-06-23 14:35:56.818309+00:00,2021-06-23 14:35:56.818309+00:00,336,Q,EDGX,EDGX,1.18,3,1.19,18
2021-06-23 14:36:00.723434+00:00,2021-06-23 14:36:00.723434+00:00,2021-06-23 14:36:00.723434+00:00,2021-06-23 14:36:00.723434+00:00,337,Q,EDGX,EDGX,1.18,3,1.19,18
2021-06-23 14:36:01.537729+00:00,2021-06-23 14:36:01.537729+00:00,2021-06-23 14:36:01.537729+00:00,2021-06-23 14:36:01.537729+00:00,338,Q,EDGX,EDGX,1.18,3,1.19,18
2021-06-23 14:36:02.811812+00:00,2021-06-23 14:36:02.811812+00:00,2021-06-23 14:36:02.811812+00:00,2021-06-23 14:36:02.811812+00:00,339,Q,EDGX,EDGX,1.18,3,1.19,18
2021-06-23 14:36:03.473705+00:00,2021-06-23 14:36:03.473705+00:00,2021-06-23 14:36:03.473705+00:00,2021-06-23 14:36:03.473705+00:00,340,Q,EDGX,EDGX,1.18,3,1.19,18
2021-06-23 14:36:07.878352+00:00,2021-06-23 14:36:07.878352+00:00,2021-06-23 14:36:07.878352+00:00,2021-06-23 14:36:07.878352+00:00,341,Q,EDGX,EDGX,1.18,3,1.19,18
2021-06-23 14:36:08.495102+00:00,2021-06-23 14:36:08.495102+00:00,2021-06-23 14:36:08.495102+00:00,2021-06-23 14:36:08.495102+00:00,342,Q,EDGX,EDGX,1.18,3,1.19,18
2021-06-23 14:36:10.615888378+00:00,2021-06-23 14:36:10.615888378+00:00,2021-06-23 14:36:10.615888378+00:00,2021-06-23 14:36:10.615888378+00:00,343,Q,EDGX,NASDAQ_FUTURES,1.18,4,1.19,18
2021-06-23 14:37:24.486338+00:00,2021-06-23 14:37:24.486338+00:00,2021-06-23 14:37:24.486338+00:00,2021-06-23 14:37:24.486338+00:00,344,Q,EDGX,NASDAQ_FUTURES,1.18,4,1.19,68
2021-06-23 14:38:24.115537+00:00,2021-06-23 14:38:24.115537+00:00,2021-06-23 14:38:24.115537+00:00,2021-06-23 14:38:24.115537+00:00,345,Q,EDGX,Arca,1.18,2,1.19,68
2021-06-23 14:38:24.115617642+00:00,2021-06-23 14:38:24.115617642+00:00,2021-06-23 14:38:24.115617642+00:00,2021-06-23 14:38:24.115617642+00:00,346,Q,EDGX,EDGX,1.18,3,1.19,68
2021-06-23 14:38:24.115617642+00:00,2021-06-23 14:38:24.115617642+00:00,2021-06-23 14:38:24.115617642+00:00,2021-06-23 14:38:24.115617642+00:00,347,Q,EDGX,NASDAQ_FUTURES,1.18,3,1.19,68
2021-06-23 14:38:24.115645440+00:00,2021-06-23 14:38:24.115645440+00:00,2021-06-23 14:38:24.115645440+00:00,2021-06-23 14:38:24.115645440+00:00,348,Q,EDGX,AMEX,1.18,1,1.19,70
2021-06-23 14:38:24.115663+00:00,2021-06-23 14:38:24.115663+00:00,2021-06-23 14:38:24.115663+00:00,2021-06-23 14:38:24.115663+00:00,349,Q,EDGX,Arca,1.18,2,1.19,70
2021-06-23 14:38:24.115666944+00:00,2021-06-23 14:38:24.115666944+00:00,2021-06-23 14:38:24.115666944+00:00,2021-06-23 14:38:24.115666944+00:00,350,Q,EDGX,NASDAQ_FUTURES,1.18,1,1.19,70
2021-06-23 14:38:24.120782786+00:00,2021-06-23 14:38:24.120782786+00:00,2021-06-23 14:38:24.120782786+00:00,2021-06-23 14:38:24.120782786+00:00,351,Q,EDGX,NASDAQ_FUTURES,1.17,174,1.19,70
2021-06-23 14:38:24.120832312+00:00,2021-06-23 14:38:24.120832312+00:00,2021-06-23 14:38:24.120832312+00:00,2021-06-23 14:38:24.120832312+00:00,352,Q,EDGX,NASDAQ_FUTURES,1.18,2,1.19,70
2021-06-23 14:38:24.122779967+00:00,2021-06-23 14:38:24.122779967+00:00,2021-06-23 14:38:24.122779967+00:00,2021-06-23 14:38:24.122779967+00:00,353,Q,EDGX,Arca,1.18,1,1.19,70
2021-06-23 14:38:24.122803200+00:00,2021-06-23 14:38:24.122803200+00:00,2021-06-23 14:38:24.122803200+00:00,2021-06-23 14:38:24.122803200+00:00,354,Q,EDGX,NASDAQ_FUTURES,1.17,174,1.19,70
2021-06-23 14:38:24.145652+00:00,2021-06-23 14:38:24.145652+00:00,2021-06-23 14:38:24.145652+00:00,2021-06-23 14:38:24.145652+00:00,355,Q,EDGX,NASDAQ_FUTURES,1.17,174,1.19,68
2021-06-23 14:38:29.770715088+00:00,2021-06-23 14:38:29.770715088+00:00,2021-06-23 14:38:29.770715088+00:00,2021-06-23 14:38:29.770715088+00:00,356,Q,EDGX,NASDAQ_FUTURES,1.17,175,1.19,68
2021-06-23 14:39:06.006304062+00:00,2021-06-23 14:39:06.006304062+00:00,2021-06-23 14:39:06.006304062+00:00,2021-06-23 14:39:06.006304062+00:00,357,Q,NASDAQ_FUTURES,NASDAQ_FUTURES,1.17,175,1.18,2
2021-06-23 14:39:09.129198992+00:00,2021-06-23 14:39:09.129198992+00:00,2021-06-23 14:39:09.129198992+00:00,2021-06-23 14:39:09.129198992+00:00,358,Q,NASDAQ_FUTURES,NASDAQ_FUTURES,1.17,175,1.18,3
2021-06-23 14:39:20.104484854+00:00,2021-06-23 14:39:20.104484854+00:00,2021-06-23 14:39:20.104484854+00:00,2021-06-23 14:39:20.104484854+00:00,359,Q,NASDAQ_FUTURES,NASDAQ_FUTURES,1.17,175,1.18,2
2021-06-23 14:39:52.239786811+00:00,2021-06-23 14:39:52.239786811+00:00,2021-06-23 14:39:52.239786811+00:00,2021-06-23 14:39:52.239786811+00:00,360,Q,NASDAQ_FUTURES,NASDAQ_FUTURES,1.17,175,1.18,3
2021-06-23 14:40:10.109748440+00:00,2021-06-23 14:40:10.109748440+00:00,2021-06-23 14:40:10.109748440+00:00,2021-06-23 14:40:10.109748440+00:00,361,Q,NASDAQ_FUTURES,NASDAQ_FUTURES,1.17,175,1.18,1
2021-06-23 14:40:10.109748440+00:00,2021-06-23 14:40:10.109748440+00:00,2021-06-23 14:40:10.109748440+00:00,2021-06-23 14:40:10.109748440+00:00,362,Q,EDGX,NASDAQ_FUTURES,1.17,175,1.19,68
2021-06-23 14:40:10.109757462+00:00,2021-06-23 14:40:10.109757462+00:00,2021-06-23 14:40:10.109757462+00:00,2021-06-23 14:40:10.109757462+00:00,363,Q,EDGX,NASDAQ_FUTURES,1.17,176,1.19,68
2021-06-23 14:40:10.109797885+00:00,2021-06-23 14:40:10.109797885+00:00,2021-06-23 14:40:10.109797885+00:00,2021-06-23 14:40:10.109797885+00:00,364,Q,NASDAQ_FUTURES,NASDAQ_FUTURES,1.17,176,1.18,1
2021-06-23 14:40:10.110362331+00:00,2021-06-23 14:40:10.110362331+00:00,2021-06-23 14:40:10.110362331+00:00,2021-06-23 14:40:10.110362331+00:00,365,Q,NASDAQ_FUTURES,NASDAQ_FUTURES,1.17,175,1.18,1
2021-06-23 14:40:52.047824761+00:00,2021-06-23 14:40:52.047824761+00:00,2021-06-23 14:40:52.047824761+00:00,2021-06-23 14:40:52.047824761+00:00,366,Q,NASDAQ_FUTURES,NASDAQ_FUTURES,1.17,176,1.18,1
2021-06-23 14:40:57.011203303+00:00,2021-06-23 14:40:57.011203303+00:00,2021-06-23 14:40:57.011203303+00:00,2021-06-23 14:40:57.011203303+00:00,367,Q,NASDAQ_FUTURES,NASDAQ_FUTURES,1.17,176,1.18,2
2021-06-23 14:41:19.423392193+00:00,2021-06-23 14:41:19.423392193+00:00,2021-06-23 14:41:19.423392193+00:00,2021-06-23 14:41:19.423392193+00:00,368,Q,NASDAQ_FUTURES,NASDAQ_FUTURES,1.17,176,1.18,1
2021-06-23 14:41:19.423392193+00:00,2021-06-23 14:41:19.423392193+00:00,2021-06-23 14:41:19.423392193+00:00,2021-06-23 14:41:19.423392193+00:00,369,Q,EDGX,NASDAQ_FUTURES,1.17,176,1.19,68
2021-06-23 14:41:19.423399867+00:00,2021-06-23 14:41:19.423399867+00:00,2021-06-23 14:41:19.423399867+00:00,2021-06-23 14:41:19.423399867+00:00,370,Q,EDGX,NASDAQ_FUTURES,1.17,177,1.19,68
2021-06-23 14:41:19.423418567+00:00,2021-06-23 14:41:19.423418567+00:00,2021-06-23 14:41:19.423418567+00:00,2021-06-23 14:41:19.423418567+00:00,371,Q,EDGX,NASDAQ_FUTURES,1.17,178,1.19,68
2021-06-23 14:41:19.423424850+00:00,2021-06-23 14:41:19.423424850+00:00,2021-06-23 14:41:19.423424850+00:00,2021-06-23 14:41:19.423424850+00:00,372,Q,EDGX,NASDAQ_FUTURES,1.17,179,1.19,68
2021-06-23 14:41:19.423446880+00:00,2021-06-23 14:41:19.423446880+00:00,2021-06-23 14:41:19.423446880+00:00,2021-06-23 14:41:19.423446880+00:00,373,Q,NASDAQ_FUTURES,NASDAQ_FUTURES,1.17,179,1.18,1
2021-06-23 14:41:19.423450646+00:00,2021-06-23 14:41:19.423450646+00:00,2021-06-23 14:41:19.423450646+00:00,2021-06-23 14:41:19.423450646+00:00,374,Q,NASDAQ_FUTURES,NASDAQ_FUTURES,1.17,179,1.18,2
2021-06-23 14:41:19.423468514+00:00,2021-06-23 14:41:19.423468514+00:00,2021-06-23 14:41:19.423468514+00:00,2021-06-23 14:41:19.423468514+00:00,375,Q,NASDAQ_FUTURES,NASDAQ_FUTURES,1.17,178,1.18,2
2021-06-23 14:41:19.424028930+00:00,2021-06-23 14:41:19.424028930+00:00,2021-06-23 14:41:19.424028930+00:00,2021-06-23 14:41:19.424028930+00:00,376,Q,NASDAQ_FUTURES,NASDAQ_FUTURES,1.17,177,1.18,2
2021-06-23 14:41:19.424153536+00:00,2021-06-23 14:41:19.424153536+00:00,2021-06-23 14:41:19.424153536+00:00,2021-06-23 14:41:19.424153536+00:00,377,Q,EDGX,NASDAQ_FUTURES,1.17,177,1.19,68
2021-06-23 14:41:19.424153536+00:00,2021-06-23 14:41:19.424153536+00:00,2021-06-23 14:41:19.424153536+00:00,2021-06-23 14:41:19.424153536+00:00,378,Q,NASDAQ_FUTURES,NASDAQ_FUTURES,1.17,177,1.18,1
2021-06-23 14:41:19.424180759+00:00,2021-06-23 14:41:19.424180759+00:00,2021-06-23 14:41:19.424180759+00:00,2021-06-23 14:41:19.424180759+00:00,379,Q,EDGX,NASDAQ_FUTURES,1.17,178,1.19,68
2021-06-23 14:41:19.424195121+00:00,2021-06-23 14:41:19.424195121+00:00,2021-06-23 14:41:19.424195121+00:00,2021-06-23 14:41:19.424195121+00:00,380,Q,NASDAQ_FUTURES,NASDAQ_FUTURES,1.17,178,1.18,1
2021-06-23 14:41:19.424197081+00:00,2021-06-23 14:41:19.424197081+00:00,2021-06-23 14:41:19.424197081+00:00,2021-06-23 14:41:19.424197081+00:00,381,Q,NASDAQ_FUTURES,NASDAQ_FUTURES,1.17,178,1.18,2
2021-06-23 14:41:19.424217773+00:00,2021-06-23 14:41:19.424217773+00:00,2021-06-23 14:41:19.424217773+00:00,2021-06-23 14:41:19.424217773+00:00,382,Q,NASDAQ_FUTURES,NASDAQ_FUTURES,1.17,177,1.18,2
2021-06-23 14:41:19.453397674+00:00,2021-06-23 14:41:19.453397674+00:00,2021-06-23 14:41:19.453397674+00:00,2021-06-23 14:41:19.453397674+00:00,383,Q,NASDAQ_FUTURES,NASDAQ_FUTURES,1.17,176,1.18,2
2021-06-23 14:41:20.713264498+00:00,2021-06-23 14:41:20.713264498+00:00,2021-06-23 14:41:20.713264498+00:00,2021-06-23 14:41:20.713264498+00:00,384,Q,NASDAQ_FUTURES,NASDAQ_FUTURES,1.17,176,1.18,1
2021-06-23 14:41:29.002696082+00:00,2021-06-23 14:41:29.002696082+00:00,2021-06-23 14:41:29.002696082+00:00,2021-06-23 14:41:29.002696082+00:00,385,Q,EDGX,NASDAQ_FUTURES,1.17,176,1.19,68
2021-06-23 14:41:29.019583453+00:00,2021-06-23 14:41:29.019583453+00:00,2021-06-23 14:41:29.019583453+00:00,2021-06-23 14:41:29.019583453+00:00,386,Q,EDGX,NASDAQ_FUTURES,1.17,175,1.19,68
2021-06-23 14:41:33.430338+00:00,2021-06-23 14:41:33.430338+00:00,2021-06-23 14:41:33.430338+00:00,2021-06-23 14:41:33.430338+00:00,387,Q,EDGX,EDGX,1.18,25,1.19,68
2021-06-23 14:42:05.883943+00:00,2021-06-23 14:42:05.883943+00:00,2021-06-23 14:42:05.883943+00:00,2021-06-23 14:42:05.883943+00:00,388,Q,EDGX,EDGX,1.18,1,1.19,68
2021-06-23 14:42:06.086351+00:00,2021-06-23 14:42:06.086351+00:00,2021-06-23 14:42:06.086351+00:00,2021-06-23 14:42:06.086351+00:00,389,Q,EDGX,BATS,1.18,3,1.19,68
2021-06-23 14:43:25.146418+00:00,2021-06-23 14:43:25.146418+00:00,2021-06-23 14:43:25.146418+00:00,2021-06-23 14:43:25.146418+00:00,390,Q,EDGX,BATS,1.18,2,1.19,68
2021-06-23 14:43:25.151473+00:00,2021-06-23 14:43:25.151473+00:00,2021-06-23 14:43:25.151473+00:00,2021-06-23 14:43:25.151473+00:00,391,Q,EDGX,EDGX,1.18,1,1.19,68
2021-06-23 14:43:49.820070+00:00,2021-06-23 14:43:49.820070+00:00,2021-06-23 14:43:49.820070+00:00,2021-06-23 14:43:49.820070+00:00,392,Q,EDGX,EDGX,1.18,2,1.19,68
2021-06-23 14:44:01.163543943+00:00,2021-06-23 14:44:01.163543943+00:00,2021-06-23 14:44:01.163543943+00:00,2021-06-23 14:44:01.163543943+00:00,393,Q,EDGX,NASDAQ_FUTURES,1.18,3,1.19,68
2021-06-23 14:44:57.222725789+00:00,2021-06-23 14:44:57.222725789+00:00,2021-06-23 14:44:57.222725789+00:00,2021-06-23 14:44:57.222725789+00:00,394,Q,EDGX,EDGX,1.18,2,1.19,68
2021-06-23 14:44:57.223374198+00:00,2021-06-23 14:44:57.223374198+00:00,2021-06-23 14:44:57.223374198+00:00,2021-06-23 14:44:57.223374198+00:00,395,Q,EDGX,NASDAQ_FUTURES,1.18,3,1.19,68
2021-06-23 14:44:58.390453285+00:00,2021-06-23 14:44:58.390453285+00:00,2021-06-23 14:44:58.390453285+00:00,2021-06-23 14:44:58.390453285+00:00,396,Q,EDGX,EDGX,1.18,2,1.19,68
2021-06-23 14:45:01.699939+00:00,2021-06-23 14:45:01.699939+00:00,2021-06-23 14:45:01.699939+00:00,2021-06-23 14:45:01.699939+00:00,397,Q,EDGX,EDGX,1.18,3,1.19,68
2021-06-23 14:45:01.704637+00:00,2021-06-23 14:45:01.704637+00:00,2021-06-23 14:45:01.704637+00:00,2021-06-23 14:45:01.704637+00:00,398,Q,EDGX,NASDAQ_FUTURES,1.18,2,1.19,68
2021-06-23 14:45:59.936397374+00:00,2021-06-23 14:45:59.936397374+00:00,2021-06-23 14:45:59.936397374+00:00,2021-06-23 14:45:59.936397374+00:00,399,Q,EDGX,NASDAQ_FUTURES,1.18,5,1.19,68
2021-06-23 14:47:23.434583+00:00,2021-06-23 14:47:23.434583+00:00,2021-06-23 14:47:23.434583+00:00,2021-06-23 14:47:23.434583+00:00,400,Q,EDGX,EDGX,1.18,27,1.19,68
2021-06-23 14:48:24.476927+00:00,2021-06-23 14:48:24.476927+00:00,2021-06-23 14:48:24.476927+00:00,2021-06-23 14:48:24.476927+00:00,401,Q,EDGX,EDGX,1.18,27,1.19,83
2021-06-23 14:48:36.506093+00:00,2021-06-23 14:48:36.506093+00:00,2021-06-23 14:48:36.506093+00:00,2021-06-23 14:48:36.506093+00:00,402,Q,EDGX,EDGX,1.18,27,1.19,85
2021-06-23 14:49:22.996313+00:00,2021-06-23 14:49:22.996313+00:00,2021-06-23 14:49:22.996313+00:00,2021-06-23 14:49:22.996313+00:00,403,Q,EDGX,EDGX,1.18,27,1.19,69
2021-06-23 14:53:01.394578+00:00,2021-06-23 14:53:01.394578+00:00,2021-06-23 14:53:01.394578+00:00,2021-06-23 14:53:01.394578+00:00,404,Q,EDGX,EDGX,1.18,27,1.19,70
2021-06-23 14:53:59.528011+00:00,2021-06-23 14:53:59.528011+00:00,2021-06-23 14:53:59.528011+00:00,2021-06-23 14:53:59.528011+00:00,405,Q,EDGX,EDGX,1.18,26,1.19,70
2021-06-23 14:53:59.528011+00:00,2021-06-23 14:53:59.528011+00:00,2021-06-23 14:53:59.528011+00:00,2021-06-23 14:53:59.528011+00:00,406,Q,EDGX,BATS,1.18,3,1.19,70
2021-06-23 14:53:59.528133+00:00,2021-06-23 14:53:59.528133+00:00,2021-06-23 14:53:59.528133+00:00,2021-06-23 14:53:59.528133+00:00,407,Q,EDGX,BATS,1.18,3,1.19,71
2021-06-23 14:53:59.528326+00:00,2021-06-23 14:53:59.528326+00:00,2021-06-23 14:53:59.528326+00:00,2021-06-23 14:53:59.528326+00:00,408,Q,EDGX,BATS,1.18,2,1.19,71
2021-06-23 14:53:59.535131606+00:00,2021-06-23 14:53:59.535131606+00:00,2021-06-23 14:53:59.535131606+00:00,2021-06-23 14:53:59.535131606+00:00,409,Q,EDGX,NASDAQ_FUTURES,1.18,3,1.19,71
2021-06-23 14:53:59.558134+00:00,2021-06-23 14:53:59.558134+00:00,2021-06-23 14:53:59.558134+00:00,2021-06-23 14:53:59.558134+00:00,410,Q,EDGX,NASDAQ_FUTURES,1.18,3,1.19,70
2021-06-23 14:55:12.579229079+00:00,2021-06-23 14:55:12.579229079+00:00,2021-06-23 14:55:12.579229079+00:00,2021-06-23 14:55:12.579229079+00:00,411,Q,EDGX,BATS,1.18,2,1.19,70
2021-06-23 14:55:12.579483+00:00,2021-06-23 14:55:12.579483+00:00,2021-06-23 14:55:12.579483+00:00,2021-06-23 14:55:12.579483+00:00,412,Q,EDGX,Arca,1.18,1,1.19,70
2021-06-23 14:55:12.579591+00:00,2021-06-23 14:55:12.579591+00:00,2021-06-23 14:55:12.579591+00:00,2021-06-23 14:55:12.579591+00:00,413,Q,EDGX,Arca,1.18,1,1.19,71
2021-06-23 14:55:12.579607552+00:00,2021-06-23 14:55:12.579607552+00:00,2021-06-23 14:55:12.579607552+00:00,2021-06-23 14:55:12.579607552+00:00,414,Q,EDGX,NASDAQ_FUTURES,1.17,174,1.19,71
2021-06-23 14:55:12.580040204+00:00,2021-06-23 14:55:12.580040204+00:00,2021-06-23 14:55:12.580040204+00:00,2021-06-23 14:55:12.580040204+00:00,415,Q,NASDAQ_FUTURES,NASDAQ_FUTURES,1.17,174,1.18,15
2021-06-23 14:55:12.587250579+00:00,2021-06-23 14:55:12.587250579+00:00,2021-06-23 14:55:12.587250579+00:00,2021-06-23 14:55:12.587250579+00:00,416,Q,NASDAQ_FUTURES,NASDAQ_FUTURES,1.17,176,1.18,15
2021-06-23 14:55:13.006396154+00:00,2021-06-23 14:55:13.006396154+00:00,2021-06-23 14:55:13.006396154+00:00,2021-06-23 14:55:13.006396154+00:00,417,Q,NASDAQ_FUTURES,NASDAQ_FUTURES,1.17,174,1.18,15
2021-06-23 14:55:13.680282266+00:00,2021-06-23 14:55:13.680282266+00:00,2021-06-23 14:55:13.680282266+00:00,2021-06-23 14:55:13.680282266+00:00,418,Q,NASDAQ_FUTURES,NASDAQ_FUTURES,1.17,174,1.18,16
2021-06-23 14:55:14.772541495+00:00,2021-06-23 14:55:14.772541495+00:00,2021-06-23 14:55:14.772541495+00:00,2021-06-23 14:55:14.772541495+00:00,419,Q,NASDAQ_FUTURES,NASDAQ_FUTURES,1.17,175,1.18,16
2021-06-23 14:56:14.513882+00:00,2021-06-23 14:56:14.513882+00:00,2021-06-23 14:56:14.513882+00:00,2021-06-23 14:56:14.513882+00:00,420,Q,EDGX,NASDAQ_FUTURES,1.17,175,1.18,7
2021-06-23 14:56:14.514002737+00:00,2021-06-23 14:56:14.514002737+00:00,2021-06-23 14:56:14.514002737+00:00,2021-06-23 14:56:14.514002737+00:00,421,Q,EDGX,NASDAQ_FUTURES,1.17,175,1.18,8
2021-06-23 14:56:14.514076921+00:00,2021-06-23 14:56:14.514076921+00:00,2021-06-23 14:56:14.514076921+00:00,2021-06-23 14:56:14.514076921+00:00,422,Q,EDGX,NASDAQ_FUTURES,1.17,176,1.18,8
2021-06-23 14:56:14.514090213+00:00,2021-06-23 14:56:14.514090213+00:00,2021-06-23 14:56:14.514090213+00:00,2021-06-23 14:56:14.514090213+00:00,423,Q,EDGX,NASDAQ_FUTURES,1.17,175,1.18,8
2021-06-23 14:56:21.451181371+00:00,2021-06-23 14:56:21.451181371+00:00,2021-06-23 14:56:21.451181371+00:00,2021-06-23 14:56:21.451181371+00:00,424,Q,EDGX,NASDAQ_FUTURES,1.17,174,1.18,7
2021-06-23 14:56:32.094793472+00:00,2021-06-23 14:56:32.094793472+00:00,2021-06-23 14:56:32.094793472+00:00,2021-06-23 14:56:32.094793472+00:00,425,Q,Arca,NASDAQ_FUTURES,1.17,174,1.18,9
2021-06-23 14:56:56.340508992+00:00,2021-06-23 14:56:56.340508992+00:00,2021-06-23 14:56:56.340508992+00:00,2021-06-23 14:56:56.340508992+00:00,426,Q,Arca,NASDAQ_FUTURES,1.17,176,1.18,9
2021-06-23 14:56:56.341331589+00:00,2021-06-23 14:56:56.341331589+00:00,2021-06-23 14:56:56.341331589+00:00,2021-06-23 14:56:56.341331589+00:00,427,Q,Arca,NASDAQ_FUTURES,1.17,174,1.18,9
2021-06-23 14:58:04.357424+00:00,2021-06-23 14:58:04.357424+00:00,2021-06-23 14:58:04.357424+00:00,2021-06-23 14:58:04.357424+00:00,428,Q,EDGX,NASDAQ_FUTURES,1.17,174,1.18,22
2021-06-23 15:04:14.409375288+00:00,2021-06-23 15:04:14.409375288+00:00,2021-06-23 15:04:14.409375288+00:00,2021-06-23 15:04:14.409375288+00:00,429,Q,EDGX,NASDAQ_FUTURES,1.17,175,1.18,22
2021-06-23 15:06:21.356315684+00:00,2021-06-23 15:06:21.356315684+00:00,2021-06-23 15:06:21.356315684+00:00,2021-06-23 15:06:21.356315684+00:00,430,Q,EDGX,NASDAQ_FUTURES,1.17,172,1.18,22
2021-06-23 15:07:45.324268+00:00,2021-06-23 15:07:45.324268+00:00,2021-06-23 15:07:45.324268+00:00,2021-06-23 15:07:45.324268+00:00,431,Q,EDGX,NASDAQ_FUTURES,1.17,172,1.18,24
2021-06-23 15:08:17.330598555+00:00,2021-06-23 15:08:17.330598555+00:00,2021-06-23 15:08:17.330598555+00:00,2021-06-23 15:08:17.330598555+00:00,432,Q,EDGX,NASDAQ_FUTURES,1.17,173,1.18,24
2021-06-23 15:08:17.330605227+00:00,2021-06-23 15:08:17.330605227+00:00,2021-06-23 15:08:17.330605227+00:00,2021-06-23 15:08:17.330605227+00:00,433,Q,EDGX,NASDAQ_FUTURES,1.17,175,1.18,24
2021-06-23 15:08:17.330653015+00:00,2021-06-23 15:08:17.330653015+00:00,2021-06-23 15:08:17.330653015+00:00,2021-06-23 15:08:17.330653015+00:00,434,Q,EDGX,NASDAQ_FUTURES,1.17,178,1.18,24
2021-06-23 15:08:17.331276981+00:00,2021-06-23 15:08:17.331276981+00:00,2021-06-23 15:08:17.331276981+00:00,2021-06-23 15:08:17.331276981+00:00,435,Q,EDGX,NASDAQ_FUTURES,1.17,177,1.18,24
2021-06-23 15:08:17.360606767+00:00,2021-06-23 15:08:17.360606767+00:00,2021-06-23 15:08:17.360606767+00:00,2021-06-23 15:08:17.360606767+00:00,436,Q,EDGX,NASDAQ_FUTURES,1.17,175,1.18,24
2021-06-23 15:08:17.380317+00:00,2021-06-23 15:08:17.380317+00:00,2021-06-23 15:08:17.380317+00:00,2021-06-23 15:08:17.380317+00:00,437,Q,EDGX,NASDAQ_FUTURES,1.17,176,1.19,68
2021-06-23 15:08:17.380317+00:00,2021-06-23 15:08:17.380317+00:00,2021-06-23 15:08:17.380317+00:00,2021-06-23 15:08:17.380317+00:00,438,Q,EDGX,NASDAQ_FUTURES,1.17,176,1.18,7
2021-06-23 15:08:17.380505255+00:00,2021-06-23 15:08:17.380505255+00:00,2021-06-23 15:08:17.380505255+00:00,2021-06-23 15:08:17.380505255+00:00,439,Q,EDGX,NASDAQ_FUTURES,1.17,176,1.18,24
2021-06-23 15:08:17.410507547+00:00,2021-06-23 15:08:17.410507547+00:00,2021-06-23 15:08:17.410507547+00:00,2021-06-23 15:08:17.410507547+00:00,440,Q,EDGX,NASDAQ_FUTURES,1.17,175,1.19,68
2021-06-23 15:08:17.415569473+00:00,2021-06-23 15:08:17.415569473+00:00,2021-06-23 15:08:17.415569473+00:00,2021-06-23 15:08:17.415569473+00:00,441,Q,EDGX,NASDAQ_FUTURES,1.18,1,1.19,68
2021-06-23 15:08:17.415572550+00:00,2021-06-23 15:08:17.415572550+00:00,2021-06-23 15:08:17.415572550+00:00,2021-06-23 15:08:17.415572550+00:00,442,Q,EDGX,NASDAQ_FUTURES,1.18,2,1.19,68
2021-06-23 15:08:17.415633132+00:00,2021-06-23 15:08:17.415633132+00:00,2021-06-23 15:08:17.415633132+00:00,2021-06-23 15:08:17.415633132+00:00,443,Q,EDGX,NASDAQ_FUTURES,1.18,5,1.19,68
2021-06-23 15:08:17.416049615+00:00,2021-06-23 15:08:17.416049615+00:00,2021-06-23 15:08:17.416049615+00:00,2021-06-23 15:08:17.416049615+00:00,444,Q,EDGX,NASDAQ_FUTURES,1.18,4,1.19,68
2021-06-23 15:08:17.416069014+00:00,2021-06-23 15:08:17.416069014+00:00,2021-06-23 15:08:17.416069014+00:00,2021-06-23 15:08:17.416069014+00:00,445,Q,EDGX,BATS,1.18,4,1.19,68
2021-06-23 15:08:17.416155+00:00,2021-06-23 15:08:17.416155+00:00,2021-06-23 15:08:17.416155+00:00,2021-06-23 15:08:17.416155+00:00,446,Q,EDGX,BATS,1.18,3,1.19,68
2021-06-23 15:08:17.418935489+00:00,2021-06-23 15:08:17.418935489+00:00,2021-06-23 15:08:17.418935489+00:00,2021-06-23 15:08:17.418935489+00:00,447,Q,EDGX,NASDAQ_FUTURES,1.18,4,1.19,68
2021-06-23 15:08:17.450468507+00:00,2021-06-23 15:08:17.450468507+00:00,2021-06-23 15:08:17.450468507+00:00,2021-06-23 15:08:17.450468507+00:00,448,Q,EDGX,NASDAQ_FUTURES,1.18,5,1.19,68
2021-06-23 15:08:17.451515863+00:00,2021-06-23 15:08:17.451515863+00:00,2021-06-23 15:08:17.451515863+00:00,2021-06-23 15:08:17.451515863+00:00,449,Q,EDGX,NASDAQ_FUTURES,1.18,4,1.19,68
2021-06-23 15:08:17.451521957+00:00,2021-06-23 15:08:17.451521957+00:00,2021-06-23 15:08:17.451521957+00:00,2021-06-23 15:08:17.451521957+00:00,450,Q,EDGX,NASDAQ_FUTURES,1.18,1,1.19,68
2021-06-23 15:08:17.477524473+00:00,2021-06-23 15:08:17.477524473+00:00,2021-06-23 15:08:17.477524473+00:00,2021-06-23 15:08:17.477524473+00:00,451,Q,EDGX,NASDAQ_FUTURES,1.18,2,1.19,68
2021-06-23 15:08:17.477611558+00:00,2021-06-23 15:08:17.477611558+00:00,2021-06-23 15:08:17.477611558+00:00,2021-06-23 15:08:17.477611558+00:00,452,Q,EDGX,NASDAQ_FUTURES,1.18,1,1.19,68
2021-06-23 15:08:17.497626512+00:00,2021-06-23 15:08:17.497626512+00:00,2021-06-23 15:08:17.497626512+00:00,2021-06-23 15:08:17.497626512+00:00,453,Q,EDGX,NASDAQ_FUTURES,1.18,2,1.19,68
2021-06-23 15:08:17.497711745+00:00,2021-06-23 15:08:17.497711745+00:00,2021-06-23 15:08:17.497711745+00:00,2021-06-23 15:08:17.497711745+00:00,454,Q,EDGX,NASDAQ_FUTURES,1.18,1,1.19,68
2021-06-23 15:08:17.510796595+00:00,2021-06-23 15:08:17.510796595+00:00,2021-06-23 15:08:17.510796595+00:00,2021-06-23 15:08:17.510796595+00:00,455,Q,EDGX,NASDAQ_FUTURES,1.18,2,1.19,68
2021-06-23 15:08:17.510894901+00:00,2021-06-23 15:08:17.510894901+00:00,2021-06-23 15:08:17.510894901+00:00,2021-06-23 15:08:17.510894901+00:00,456,Q,EDGX,NASDAQ_FUTURES,1.18,1,1.19,68
2021-06-23 15:08:17.523946265+00:00,2021-06-23 15:08:17.523946265+00:00,2021-06-23 15:08:17.523946265+00:00,2021-06-23 15:08:17.523946265+00:00,457,Q,EDGX,NASDAQ_FUTURES,1.18,2,1.19,68
2021-06-23 15:08:17.524033603+00:00,2021-06-23 15:08:17.524033603+00:00,2021-06-23 15:08:17.524033603+00:00,2021-06-23 15:08:17.524033603+00:00,458,Q,EDGX,NASDAQ_FUTURES,1.18,1,1.19,68
2021-06-23 15:08:17.537112018+00:00,2021-06-23 15:08:17.537112018+00:00,2021-06-23 15:08:17.537112018+00:00,2021-06-23 15:08:17.537112018+00:00,459,Q,EDGX,NASDAQ_FUTURES,1.18,2,1.19,68
2021-06-23 15:08:17.537198556+00:00,2021-06-23 15:08:17.537198556+00:00,2021-06-23 15:08:17.537198556+00:00,2021-06-23 15:08:17.537198556+00:00,460,Q,EDGX,NASDAQ_FUTURES,1.18,1,1.19,68
2021-06-23 15:08:17.550335538+00:00,2021-06-23 15:08:17.550335538+00:00,2021-06-23 15:08:17.550335538+00:00,2021-06-23 15:08:17.550335538+00:00,461,Q,EDGX,NASDAQ_FUTURES,1.18,2,1.19,68
2021-06-23 15:08:17.550426997+00:00,2021-06-23 15:08:17.550426997+00:00,2021-06-23 15:08:17.550426997+00:00,2021-06-23 15:08:17.550426997+00:00,462,Q,EDGX,NASDAQ_FUTURES,1.18,1,1.19,68
2021-06-23 15:08:17.563569420+00:00,2021-06-23 15:08:17.563569420+00:00,2021-06-23 15:08:17.563569420+00:00,2021-06-23 15:08:17.563569420+00:00,463,Q,EDGX,NASDAQ_FUTURES,1.18,2,1.19,68
2021-06-23 15:08:17.563650366+00:00,2021-06-23 15:08:17.563650366+00:00,2021-06-23 15:08:17.563650366+00:00,2021-06-23 15:08:17.563650366+00:00,464,Q,EDGX,NASDAQ_FUTURES,1.18,1,1.19,68
2021-06-23 15:08:17.576779561+00:00,2021-06-23 15:08:17.576779561+00:00,2021-06-23 15:08:17.576779561+00:00,2021-06-23 15:08:17.576779561+00:00,465,Q,EDGX,NASDAQ_FUTURES,1.18,2,1.19,68
2021-06-23 15:08:17.576860732+00:00,2021-06-23 15:08:17.576860732+00:00,2021-06-23 15:08:17.576860732+00:00,2021-06-23 15:08:17.576860732+00:00,466,Q,EDGX,NASDAQ_FUTURES,1.18,1,1.19,68
2021-06-23 15:08:17.589967444+00:00,2021-06-23 15:08:17.589967444+00:00,2021-06-23 15:08:17.589967444+00:00,2021-06-23 15:08:17.589967444+00:00,467,Q,EDGX,NASDAQ_FUTURES,1.18,2,1.19,68
2021-06-23 15:08:17.603048+00:00,2021-06-23 15:08:17.603048+00:00,2021-06-23 15:08:17.603048+00:00,2021-06-23 15:08:17.603048+00:00,468,Q,Arca,NASDAQ_FUTURES,1.18,5,1.19,3
2021-06-23 15:08:17.603048+00:00,2021-06-23 15:08:17.603048+00:00,2021-06-23 15:08:17.603048+00:00,2021-06-23 15:08:17.603048+00:00,469,Q,EDGX,NASDAQ_FUTURES,1.18,5,1.19,18
2021-06-23 15:08:17.603267117+00:00,2021-06-23 15:08:17.603267117+00:00,2021-06-23 15:08:17.603267117+00:00,2021-06-23 15:08:17.603267117+00:00,470,Q,EDGX,NASDAQ_FUTURES,1.18,5,1.19,68
2021-06-23 15:08:28.359205401+00:00,2021-06-23 15:08:28.359205401+00:00,2021-06-23 15:08:28.359205401+00:00,2021-06-23 15:08:28.359205401+00:00,478,Q,NASDAQ_FUTURES,NASDAQ_FUTURES,1.18,5,1.19,2
2021-06-23 15:08:28.374074470+00:00,2021-06-23 15:08:28.374074470+00:00,2021-06-23 15:08:28.374074470+00:00,2021-06-23 15:08:28.374074470+00:00,479,Q,NASDAQ_FUTURES,NASDAQ_FUTURES,1.18,5,1.19,5
2021-06-23 15:08:30.644948667+00:00,2021-06-23 15:08:30.644948667+00:00,2021-06-23 15:08:30.644948667+00:00,2021-06-23 15:08:30.644948667+00:00,480,Q,NASDAQ_FUTURES,NASDAQ_FUTURES,1.18,5,1.19,4
2021-06-23 15:09:11.799024744+00:00,2021-06-23 15:09:11.799024744+00:00,2021-06-23 15:09:11.799024744+00:00,2021-06-23 15:09:11.799024744+00:00,483,Q,NASDAQ_FUTURES,NASDAQ_FUTURES,1.18,9,1.19,1
2021-06-23 15:10:14.386703016+00:00,2021-06-23 15:10:14.386703016+00:00,2021-06-23 15:10:14.386703016+00:00,2021-06-23 15:10:14.386703016+00:00,485,Q,NASDAQ_FUTURES,NASDAQ_FUTURES,1.18,9,1.19,2
2021-06-23 15:10:18.549807299+00:00,2021-06-23 15:10:18.549807299+00:00,2021-06-23 15:10:18.549807299+00:00,2021-06-23 15:10:18.549807299+00:00,486,Q,NASDAQ_FUTURES,NASDAQ_FUTURES,1.18,19,1.19,2
2021-06-23 15:10:29.262467288+00:00,2021-06-23 15:10:29.262467288+00:00,2021-06-23 15:10:29.262467288+00:00,2021-06-23 15:10:29.262467288+00:00,487,Q,NASDAQ_FUTURES,NASDAQ_FUTURES,1.18,19,1.19,1
2021-06-23 15:14:24.874039816+00:00,2021-06-23 15:14:24.874039816+00:00,2021-06-23 15:14:24.874039816+00:00,2021-06-23 15:14:24.874039816+00:00,490,Q,EDGX,NASDAQ_FUTURES,1.18,27,1.2,64
2021-06-23 15:14:24.874290454+00:00,2021-06-23 15:14:24.874290454+00:00,2021-06-23 15:14:24.874290454+00:00,2021-06-23 15:14:24.874290454+00:00,493,Q,EDGX,NASDAQ_FUTURES,1.19,7,1.2,64
2021-06-23 15:14:24.875524+00:00,2021-06-23 15:14:24.875524+00:00,2021-06-23 15:14:24.875524+00:00,2021-06-23 15:14:24.875524+00:00,494,Q,EDGX,EDGX,1.19,11,1.2,64
2021-06-23 15:14:25.684820+00:00,2021-06-23 15:14:25.684820+00:00,2021-06-23 15:14:25.684820+00:00,2021-06-23 15:14:25.684820+00:00,495,Q,EDGX,EDGX,1.19,21,1.2,64
2021-06-23 15:16:15.281577+00:00,2021-06-23 15:16:15.281577+00:00,2021-06-23 15:16:15.281577+00:00,2021-06-23 15:16:15.281577+00:00,496,Q,EDGX,EDGX,1.19,21,1.2,58
2021-06-23 15:16:15.281684+00:00,2021-06-23 15:16:15.281684+00:00,2021-06-23 15:16:15.281684+00:00,2021-06-23 15:16:15.281684+00:00,497,Q,EDGX,EDGX,1.19,24,1.2,58
2021-06-23 15:16:30.505730+00:00,2021-06-23 15:16:30.505730+00:00,2021-06-23 15:16:30.505730+00:00,2021-06-23 15:16:30.505730+00:00,498,Q,EDGX,NASDAQ_FUTURES,1.19,10,1.2,58
2021-06-23 15:16:30.505730+00:00,2021-06-23 15:16:30.505730+00:00,2021-06-23 15:16:30.505730+00:00,2021-06-23 15:16:30.505730+00:00,499,Q,EDGX,EDGX,1.19,14,1.2,58
2021-06-23 15:16:30.506366307+00:00,2021-06-23 15:16:30.506366307+00:00,2021-06-23 15:16:30.506366307+00:00,2021-06-23 15:16:30.506366307+00:00,500,Q,EDGX,NASDAQ_FUTURES,1.19,11,1.2,58
2021-06-23 15:18:16.603979315+00:00,2021-06-23 15:18:16.603979315+00:00,2021-06-23 15:18:16.603979315+00:00,2021-06-23 15:18:16.603979315+00:00,501,Q,EDGX,Arca,1.19,6,1.2,58
2021-06-23 15:18:16.604017920+00:00,2021-06-23 15:18:16.604017920+00:00,2021-06-23 15:18:16.604017920+00:00,2021-06-23 15:18:16.604017920+00:00,502,Q,EDGX,NASDAQ_FUTURES,1.19,4,1.2,58
2021-06-23 15:23:09.203720757+00:00,2021-06-23 15:23:09.203720757+00:00,2021-06-23 15:23:09.203720757+00:00,2021-06-23 15:23:09.203720757+00:00,503,Q,EDGX,Arca,1.19,4,1.2,58
2021-06-23 15:23:38.117795+00:00,2021-06-23 15:23:38.117795+00:00,2021-06-23 15:23:38.117795+00:00,2021-06-23 15:23:38.117795+00:00,504,Q,EDGX,Arca,1.19,4,1.2,61
2021-06-23 15:23:55.164859392+00:00,2021-06-23 15:23:55.164859392+00:00,2021-06-23 15:23:55.164859392+00:00,2021-06-23 15:23:55.164859392+00:00,505,Q,EDGX,Arca,1.19,3,1.2,61
2021-06-23 15:25:06.005431324+00:00,2021-06-23 15:25:06.005431324+00:00,2021-06-23 15:25:06.005431324+00:00,2021-06-23 15:25:06.005431324+00:00,506,Q,EDGX,NASDAQ_FUTURES,1.19,6,1.2,61
2021-06-23 15:25:12.316850+00:00,2021-06-23 15:25:12.316850+00:00,2021-06-23 15:25:12.316850+00:00,2021-06-23 15:25:12.316850+00:00,507,Q,EDGX,NASDAQ_FUTURES,1.19,6,1.2,58
2021-06-23 15:32:26.016602948+00:00,2021-06-23 15:32:26.016602948+00:00,2021-06-23 15:32:26.016602948+00:00,2021-06-23 15:32:26.016602948+00:00,508,Q,EDGX,EDGX,1.19,6,1.2,58
2021-06-23 15:33:05.822890+00:00,2021-06-23 15:33:05.822890+00:00,2021-06-23 15:33:05.822890+00:00,2021-06-23 15:33:05.822890+00:00,509,Q,EDGX,Arca,1.19,3,1.2,58
2021-06-23 15:33:05.822992+00:00,2021-06-23 15:33:05.822992+00:00,2021-06-23 15:33:05.822992+00:00,2021-06-23 15:33:05.822992+00:00,510,Q,EDGX,Arca,1.19,3,1.2,59
2021-06-23 15:33:05.823016+00:00,2021-06-23 15:33:05.823016+00:00,2021-06-23 15:33:05.823016+00:00,2021-06-23 15:33:05.823016+00:00,511,Q,EDGX,Arca,1.19,3,1.2,63
2021-06-23 15:33:05.823070976+00:00,2021-06-23 15:33:05.823070976+00:00,2021-06-23 15:33:05.823070976+00:00,2021-06-23 15:33:05.823070976+00:00,512,Q,EDGX,IEX,1.19,1,1.2,61
2021-06-23 15:33:05.823115+00:00,2021-06-23 15:33:05.823115+00:00,2021-06-23 15:33:05.823115+00:00,2021-06-23 15:33:05.823115+00:00,513,Q,EDGX,Arca,1.19,3,1.2,62
2021-06-23 15:33:05.823175+00:00,2021-06-23 15:33:05.823175+00:00,2021-06-23 15:33:05.823175+00:00,2021-06-23 15:33:05.823175+00:00,514,Q,EDGX,Arca,1.19,3,1.2,61
2021-06-23 15:33:05.823238590+00:00,2021-06-23 15:33:05.823238590+00:00,2021-06-23 15:33:05.823238590+00:00,2021-06-23 15:33:05.823238590+00:00,515,Q,EDGX,EDGX,1.19,1,1.2,61
2021-06-23 15:33:05.823403+00:00,2021-06-23 15:33:05.823403+00:00,2021-06-23 15:33:05.823403+00:00,2021-06-23 15:33:05.823403+00:00,516,Q,BATS,NASDAQ_FUTURES,1.19,1,1.19,3
2021-06-23 15:33:05.823410+00:00,2021-06-23 15:33:05.823410+00:00,2021-06-23 15:33:05.823410+00:00,2021-06-23 15:33:05.823410+00:00,517,Q,BATS,EDGX,1.19,1,1.19,3
2021-06-23 15:33:05.823609344+00:00,2021-06-23 15:33:05.823609344+00:00,2021-06-23 15:33:05.823609344+00:00,2021-06-23 15:33:05.823609344+00:00,518,Q,Arca,NASDAQ_FUTURES,1.19,1,1.19,3
2021-06-23 15:33:05.823688+00:00,2021-06-23 15:33:05.823688+00:00,2021-06-23 15:33:05.823688+00:00,2021-06-23 15:33:05.823688+00:00,519,Q,EDGX,NASDAQ_FUTURES,1.19,1,1.2,61
2021-06-23 15:33:05.823720192+00:00,2021-06-23 15:33:05.823720192+00:00,2021-06-23 15:33:05.823720192+00:00,2021-06-23 15:33:05.823720192+00:00,520,Q,EDGX,EDGX,1.18,3,1.2,61
2021-06-23 15:33:05.824081990+00:00,2021-06-23 15:33:05.824081990+00:00,2021-06-23 15:33:05.824081990+00:00,2021-06-23 15:33:05.824081990+00:00,521,Q,Arca,EDGX,1.18,3,1.19,3
2021-06-23 15:33:05.825506+00:00,2021-06-23 15:33:05.825506+00:00,2021-06-23 15:33:05.825506+00:00,2021-06-23 15:33:05.825506+00:00,522,Q,EDGX,BATS,1.18,5,1.2,61
2021-06-23 15:33:05.825554212+00:00,2021-06-23 15:33:05.825554212+00:00,2021-06-23 15:33:05.825554212+00:00,2021-06-23 15:33:05.825554212+00:00,523,Q,EDGX,NASDAQ_FUTURES,1.18,4,1.2,61
2021-06-23 15:33:05.826198274+00:00,2021-06-23 15:33:05.826198274+00:00,2021-06-23 15:33:05.826198274+00:00,2021-06-23 15:33:05.826198274+00:00,524,Q,EDGX,NASDAQ_FUTURES,1.18,9,1.2,61
2021-06-23 15:33:05.826391621+00:00,2021-06-23 15:33:05.826391621+00:00,2021-06-23 15:33:05.826391621+00:00,2021-06-23 15:33:05.826391621+00:00,525,Q,EDGX,NASDAQ_FUTURES,1.19,2,1.2,61
2021-06-23 15:33:05.827091+00:00,2021-06-23 15:33:05.827091+00:00,2021-06-23 15:33:05.827091+00:00,2021-06-23 15:33:05.827091+00:00,526,Q,EDGX,NASDAQ_FUTURES,1.19,2,1.2,64
2021-06-23 15:33:05.827467496+00:00,2021-06-23 15:33:05.827467496+00:00,2021-06-23 15:33:05.827467496+00:00,2021-06-23 15:33:05.827467496+00:00,527,Q,EDGX,BATS,1.18,9,1.2,64
2021-06-23 15:33:05.828567+00:00,2021-06-23 15:33:05.828567+00:00,2021-06-23 15:33:05.828567+00:00,2021-06-23 15:33:05.828567+00:00,528,Q,EDGX,BATS,1.18,11,1.2,64
2021-06-23 15:33:05.831980601+00:00,2021-06-23 15:33:05.831980601+00:00,2021-06-23 15:33:05.831980601+00:00,2021-06-23 15:33:05.831980601+00:00,529,Q,EDGX,NASDAQ_FUTURES,1.19,3,1.2,64
2021-06-23 15:33:07.043976473+00:00,2021-06-23 15:33:07.043976473+00:00,2021-06-23 15:33:07.043976473+00:00,2021-06-23 15:33:07.043976473+00:00,530,Q,EDGX,NASDAQ_FUTURES,1.19,5,1.2,64
2021-06-23 15:39:10.530425592+00:00,2021-06-23 15:39:10.530425592+00:00,2021-06-23 15:39:10.530425592+00:00,2021-06-23 15:39:10.530425592+00:00,531,Q,EDGX,NASDAQ_FUTURES,1.19,6,1.2,64
2021-06-23 15:45:22.218219435+00:00,2021-06-23 15:45:22.218219435+00:00,2021-06-23 15:45:22.218219435+00:00,2021-06-23 15:45:22.218219435+00:00,532,Q,EDGX,Arca,1.19,1,1.2,64
2021-06-23 15:45:22.218336+00:00,2021-06-23 15:45:22.218336+00:00,2021-06-23 15:45:22.218336+00:00,2021-06-23 15:45:22.218336+00:00,533,Q,EDGX,Arca,1.19,1,1.2,65
2021-06-23 15:45:22.218342157+00:00,2021-06-23 15:45:22.218342157+00:00,2021-06-23 15:45:22.218342157+00:00,2021-06-23 15:45:22.218342157+00:00,534,Q,EDGX,NASDAQ_FUTURES,1.19,3,1.2,64
2021-06-23 15:45:22.218375168+00:00,2021-06-23 15:45:22.218375168+00:00,2021-06-23 15:45:22.218375168+00:00,2021-06-23 15:45:22.218375168+00:00,536,Q,NASDAQ_FUTURES,BATS,1.18,11,1.19,3
2021-06-23 15:45:22.218644118+00:00,2021-06-23 15:45:22.218644118+00:00,2021-06-23 15:45:22.218644118+00:00,2021-06-23 15:45:22.218644118+00:00,537,Q,NASDAQ_FUTURES,Arca,1.19,1,1.19,3
2021-06-23 15:45:22.220450543+00:00,2021-06-23 15:45:22.220450543+00:00,2021-06-23 15:45:22.220450543+00:00,2021-06-23 15:45:22.220450543+00:00,538,Q,NASDAQ_FUTURES,BATS,1.18,11,1.19,4
2021-06-23 15:45:22.224346655+00:00,2021-06-23 15:45:22.224346655+00:00,2021-06-23 15:45:22.224346655+00:00,2021-06-23 15:45:22.224346655+00:00,539,Q,EDGX,BATS,1.18,11,1.19,4
2021-06-23 15:45:22.225058+00:00,2021-06-23 15:45:22.225058+00:00,2021-06-23 15:45:22.225058+00:00,2021-06-23 15:45:22.225058+00:00,540,Q,EDGX,Arca,1.18,10,1.19,4
2021-06-23 15:45:26.684576040+00:00,2021-06-23 15:45:26.684576040+00:00,2021-06-23 15:45:26.684576040+00:00,2021-06-23 15:45:26.684576040+00:00,541,Q,NASDAQ_FUTURES,Arca,1.18,10,1.19,5
2021-06-23 15:45:44.012084114+00:00,2021-06-23 15:45:44.012084114+00:00,2021-06-23 15:45:44.012084114+00:00,2021-06-23 15:45:44.012084114+00:00,542,Q,NASDAQ_FUTURES,Arca,1.18,10,1.19,10
2021-06-23 15:46:14.177030400+00:00,2021-06-23 15:46:14.177030400+00:00,2021-06-23 15:46:14.177030400+00:00,2021-06-23 15:46:14.177030400+00:00,543,Q,NASDAQ_FUTURES,Arca,1.18,7,1.19,10
2021-06-23 15:47:27.598119185+00:00,2021-06-23 15:47:27.598119185+00:00,2021-06-23 15:47:27.598119185+00:00,2021-06-23 15:47:27.598119185+00:00,544,Q,NASDAQ_FUTURES,Arca,1.18,7,1.19,5
2021-06-23 15:49:09.783711+00:00,2021-06-23 15:49:09.783711+00:00,2021-06-23 15:49:09.783711+00:00,2021-06-23 15:49:09.783711+00:00,545,Q,Arca,Arca,1.18,7,1.19,3
2021-06-23 15:49:09.783802624+00:00,2021-06-23 15:49:09.783802624+00:00,2021-06-23 15:49:09.783802624+00:00,2021-06-23 15:49:09.783802624+00:00,546,Q,NASDAQ_FUTURES,NASDAQ_FUTURES,1.18,7,1.19,2
2021-06-23 15:49:09.783867007+00:00,2021-06-23 15:49:09.783867007+00:00,2021-06-23 15:49:09.783867007+00:00,2021-06-23 15:49:09.783867007+00:00,547,Q,EDGX,Arca,1.18,7,1.19,4
2021-06-23 15:49:09.783889920+00:00,2021-06-23 15:49:09.783889920+00:00,2021-06-23 15:49:09.783889920+00:00,2021-06-23 15:49:09.783889920+00:00,548,Q,NASDAQ_FUTURES,Arca,1.18,10,1.19,2
2021-06-23 15:50:35.889925640+00:00,2021-06-23 15:50:35.889925640+00:00,2021-06-23 15:50:35.889925640+00:00,2021-06-23 15:50:35.889925640+00:00,549,Q,Arca,Arca,1.18,10,1.19,2
2021-06-23 15:50:36.348875776+00:00,2021-06-23 15:50:36.348875776+00:00,2021-06-23 15:50:36.348875776+00:00,2021-06-23 15:50:36.348875776+00:00,550,Q,NASDAQ_FUTURES,Arca,1.18,10,1.19,1
2021-06-23 15:51:02.688320653+00:00,2021-06-23 15:51:02.688320653+00:00,2021-06-23 15:51:02.688320653+00:00,2021-06-23 15:51:02.688320653+00:00,551,Q,NASDAQ_FUTURES,Arca,1.18,10,1.19,2
2021-06-23 15:52:46.043830271+00:00,2021-06-23 15:52:46.043830271+00:00,2021-06-23 15:52:46.043830271+00:00,2021-06-23 15:52:46.043830271+00:00,552,Q,NASDAQ_FUTURES,Arca,1.18,10,1.19,1
2021-06-23 15:52:46.043994823+00:00,2021-06-23 15:52:46.043994823+00:00,2021-06-23 15:52:46.043994823+00:00,2021-06-23 15:52:46.043994823+00:00,554,Q,NASDAQ_FUTURES,Arca,1.18,10,1.19,2
2021-06-23 15:52:46.044014039+00:00,2021-06-23 15:52:46.044014039+00:00,2021-06-23 15:52:46.044014039+00:00,2021-06-23 15:52:46.044014039+00:00,555,Q,NASDAQ_FUTURES,NASDAQ_FUTURES,1.18,11,1.19,2
2021-06-23 15:52:46.074012252+00:00,2021-06-23 15:52:46.074012252+00:00,2021-06-23 15:52:46.074012252+00:00,2021-06-23 15:52:46.074012252+00:00,556,Q,NASDAQ_FUTURES,Arca,1.18,10,1.19,2
2021-06-23 15:53:20.991961934+00:00,2021-06-23 15:53:20.991961934+00:00,2021-06-23 15:53:20.991961934+00:00,2021-06-23 15:53:20.991961934+00:00,557,Q,NASDAQ_FUTURES,NASDAQ_FUTURES,1.18,11,1.19,2
2021-06-23 15:56:15.045414115+00:00,2021-06-23 15:56:15.045414115+00:00,2021-06-23 15:56:15.045414115+00:00,2021-06-23 15:56:15.045414115+00:00,558,Q,NASDAQ_FUTURES,NASDAQ_FUTURES,1.18,11,1.19,3
2021-06-23 15:58:38.552716509+00:00,2021-06-23 15:58:38.552716509+00:00,2021-06-23 15:58:38.552716509+00:00,2021-06-23 15:58:38.552716509+00:00,559,Q,NASDAQ_FUTURES,NASDAQ_FUTURES,1.18,17,1.19,3
2021-06-23 15:59:26.951190038+00:00,2021-06-23 15:59:26.951190038+00:00,2021-06-23 15:59:26.951190038+00:00,2021-06-23 15:59:26.951190038+00:00,560,Q,NASDAQ_FUTURES,NASDAQ_FUTURES,1.18,17,1.19,2
2021-06-23 15:59:28.003659036+00:00,2021-06-23 15:59:28.003659036+00:00,2021-06-23 15:59:28.003659036+00:00,2021-06-23 15:59:28.003659036+00:00,561,Q,NASDAQ_FUTURES,NASDAQ_FUTURES,1.18,17,1.19,3
2021-06-23 16:07:51.354642641+00:00,2021-06-23 16:07:51.354642641+00:00,2021-06-23 16:07:51.354642641+00:00,2021-06-23 16:07:51.354642641+00:00,562,Q,NASDAQ_FUTURES,NASDAQ_FUTURES,1.18,18,1.19,3
2021-06-23 16:07:51.355650509+00:00,2021-06-23 16:07:51.355650509+00:00,2021-06-23 16:07:51.355650509+00:00,2021-06-23 16:07:51.355650509+00:00,563,Q,NASDAQ_FUTURES,NASDAQ_FUTURES,1.18,17,1.19,3
2021-06-23 16:08:24.783773+00:00,2021-06-23 16:08:24.783773+00:00,2021-06-23 16:08:24.783773+00:00,2021-06-23 16:08:24.783773+00:00,564,Q,NASDAQ_FUTURES,NASDAQ_FUTURES,1.18,19,1.19,1
2021-06-23 16:08:24.783856455+00:00,2021-06-23 16:08:24.783856455+00:00,2021-06-23 16:08:24.783856455+00:00,2021-06-23 16:08:24.783856455+00:00,565,Q,NASDAQ_FUTURES,NASDAQ_FUTURES,1.18,17,1.19,2
2021-06-23 16:08:24.783856455+00:00,2021-06-23 16:08:24.783856455+00:00,2021-06-23 16:08:24.783856455+00:00,2021-06-23 16:08:24.783856455+00:00,566,Q,EDGX,NASDAQ_FUTURES,1.18,17,1.19,1
2021-06-23 16:08:24.783887572+00:00,2021-06-23 16:08:24.783887572+00:00,2021-06-23 16:08:24.783887572+00:00,2021-06-23 16:08:24.783887572+00:00,567,Q,EDGX,NASDAQ_FUTURES,1.18,18,1.19,1
2021-06-23 16:08:24.783895825+00:00,2021-06-23 16:08:24.783895825+00:00,2021-06-23 16:08:24.783895825+00:00,2021-06-23 16:08:24.783895825+00:00,568,Q,EDGX,NASDAQ_FUTURES,1.18,19,1.19,1
2021-06-23 16:08:24.783937341+00:00,2021-06-23 16:08:24.783937341+00:00,2021-06-23 16:08:24.783937341+00:00,2021-06-23 16:08:24.783937341+00:00,569,Q,EDGX,NASDAQ_FUTURES,1.18,18,1.19,1
2021-06-23 16:08:24.783946965+00:00,2021-06-23 16:08:24.783946965+00:00,2021-06-23 16:08:24.783946965+00:00,2021-06-23 16:08:24.783946965+00:00,570,Q,EDGX,NASDAQ_FUTURES,1.18,19,1.19,1
2021-06-23 16:08:24.784485035+00:00,2021-06-23 16:08:24.784485035+00:00,2021-06-23 16:08:24.784485035+00:00,2021-06-23 16:08:24.784485035+00:00,571,Q,NASDAQ_FUTURES,NASDAQ_FUTURES,1.18,18,1.19,1
2021-06-23 16:08:24.786875815+00:00,2021-06-23 16:08:24.786875815+00:00,2021-06-23 16:08:24.786875815+00:00,2021-06-23 16:08:24.786875815+00:00,572,Q,EDGX,NASDAQ_FUTURES,1.18,18,1.2,61
2021-06-23 16:08:24.786903426+00:00,2021-06-23 16:08:24.786903426+00:00,2021-06-23 16:08:24.786903426+00:00,2021-06-23 16:08:24.786903426+00:00,573,Q,EDGX,NASDAQ_FUTURES,1.18,19,1.2,61
2021-06-23 16:08:24.786918345+00:00,2021-06-23 16:08:24.786918345+00:00,2021-06-23 16:08:24.786918345+00:00,2021-06-23 16:08:24.786918345+00:00,574,Q,NASDAQ_FUTURES,NASDAQ_FUTURES,1.18,19,1.19,1
2021-06-23 16:08:24.786939993+00:00,2021-06-23 16:08:24.786939993+00:00,2021-06-23 16:08:24.786939993+00:00,2021-06-23 16:08:24.786939993+00:00,575,Q,NASDAQ_FUTURES,NASDAQ_FUTURES,1.18,18,1.19,1
2021-06-23 16:08:24.788865208+00:00,2021-06-23 16:08:24.788865208+00:00,2021-06-23 16:08:24.788865208+00:00,2021-06-23 16:08:24.788865208+00:00,576,Q,EDGX,NASDAQ_FUTURES,1.18,18,1.2,61
2021-06-23 16:08:24.788894113+00:00,2021-06-23 16:08:24.788894113+00:00,2021-06-23 16:08:24.788894113+00:00,2021-06-23 16:08:24.788894113+00:00,577,Q,EDGX,NASDAQ_FUTURES,1.18,19,1.2,61
2021-06-23 16:08:24.788906824+00:00,2021-06-23 16:08:24.788906824+00:00,2021-06-23 16:08:24.788906824+00:00,2021-06-23 16:08:24.788906824+00:00,578,Q,NASDAQ_FUTURES,NASDAQ_FUTURES,1.18,19,1.19,1
2021-06-23 16:08:24.788928191+00:00,2021-06-23 16:08:24.788928191+00:00,2021-06-23 16:08:24.788928191+00:00,2021-06-23 16:08:24.788928191+00:00,579,Q,NASDAQ_FUTURES,NASDAQ_FUTURES,1.18,18,1.19,1
2021-06-23 16:08:24.790050991+00:00,2021-06-23 16:08:24.790050991+00:00,2021-06-23 16:08:24.790050991+00:00,2021-06-23 16:08:24.790050991+00:00,580,Q,EDGX,NASDAQ_FUTURES,1.18,18,1.2,61
2021-06-23 16:08:24.790078590+00:00,2021-06-23 16:08:24.790078590+00:00,2021-06-23 16:08:24.790078590+00:00,2021-06-23 16:08:24.790078590+00:00,581,Q,EDGX,NASDAQ_FUTURES,1.18,19,1.2,61
2021-06-23 16:08:24.790091004+00:00,2021-06-23 16:08:24.790091004+00:00,2021-06-23 16:08:24.790091004+00:00,2021-06-23 16:08:24.790091004+00:00,582,Q,NASDAQ_FUTURES,NASDAQ_FUTURES,1.18,19,1.19,1
2021-06-23 16:08:24.790111996+00:00,2021-06-23 16:08:24.790111996+00:00,2021-06-23 16:08:24.790111996+00:00,2021-06-23 16:08:24.790111996+00:00,583,Q,NASDAQ_FUTURES,NASDAQ_FUTURES,1.18,18,1.19,1
2021-06-23 16:08:24.792217891+00:00,2021-06-23 16:08:24.792217891+00:00,2021-06-23 16:08:24.792217891+00:00,2021-06-23 16:08:24.792217891+00:00,584,Q,EDGX,NASDAQ_FUTURES,1.18,18,1.2,61
2021-06-23 16:08:24.792244753+00:00,2021-06-23 16:08:24.792244753+00:00,2021-06-23 16:08:24.792244753+00:00,2021-06-23 16:08:24.792244753+00:00,585,Q,EDGX,NASDAQ_FUTURES,1.18,19,1.2,61
2021-06-23 16:08:24.792259606+00:00,2021-06-23 16:08:24.792259606+00:00,2021-06-23 16:08:24.792259606+00:00,2021-06-23 16:08:24.792259606+00:00,586,Q,NASDAQ_FUTURES,NASDAQ_FUTURES,1.18,19,1.19,1
2021-06-23 16:08:24.792280932+00:00,2021-06-23 16:08:24.792280932+00:00,2021-06-23 16:08:24.792280932+00:00,2021-06-23 16:08:24.792280932+00:00,587,Q,NASDAQ_FUTURES,NASDAQ_FUTURES,1.18,18,1.19,1
2021-06-23 16:08:24.794066246+00:00,2021-06-23 16:08:24.794066246+00:00,2021-06-23 16:08:24.794066246+00:00,2021-06-23 16:08:24.794066246+00:00,588,Q,EDGX,NASDAQ_FUTURES,1.18,18,1.2,61
2021-06-23 16:08:24.794092243+00:00,2021-06-23 16:08:24.794092243+00:00,2021-06-23 16:08:24.794092243+00:00,2021-06-23 16:08:24.794092243+00:00,589,Q,EDGX,NASDAQ_FUTURES,1.18,19,1.2,61
2021-06-23 16:08:24.794107559+00:00,2021-06-23 16:08:24.794107559+00:00,2021-06-23 16:08:24.794107559+00:00,2021-06-23 16:08:24.794107559+00:00,590,Q,NASDAQ_FUTURES,NASDAQ_FUTURES,1.18,19,1.19,1
